2724 4356
206 265 268 335 154
543 254 683 320 Pseudo-
689 254 886 320 Tertulliani
1076 261 1151 327 [cm.
1169 265 1205 314 11.

203 424 327 484 edidisse
341 424 484 486 virtutem
505 431 536 485 et
557 425 778 486 similitudinem
800 425 952 504 serpentis,
967 429 998 484 et
1017 422 1092 483 hanc
1113 423 1206 483 fuisse

202 523 344 584 virtutem
358 525 389 583 in
402 525 546 604 paradiso,
561 525 593 584 id
607 532 660 599 est,
674 525 764 585 istum
779 526 869 585 fuisse
888 529 1059 603 serpentem,
1075 523 1123 583 cui
1137 523 1205 582 Eva

203 624 285 700 quasi
307 623 367 683 filio
388 624 445 685 Dei
466 625 639 685 crediderat.
682 625 846 702 Decerpsit,
869 623 1017 702 inquiunt,
1040 622 1077 682 de
1101 623 1204 681 fructu

202 722 324 794 arboris,
349 727 437 800 atque
461 723 525 783 ideo
549 724 649 802 generi
672 724 798 782 humano
825 723 978 783 scientiam
1000 723 1144 781 bonorum
1171 729 1204 780 et

174 821 342 890 5malorum
374 822 543 882 contribuit.
585 822 738 882 Christum
765 827 863 881 autem
891 843 949 880 non
976 821 1008 879 in
1036 819 1203 879 substantia

202 920 297 979 carnis
311 918 401 980 fuisse
409 941 417 994 3
440 921 564 980 salutem
577 921 673 980 carnis
687 921 859 998 sperandam
873 919 991 979 omnino
1005 940 1063 978 non
1077 939 1146 977 esse.

241 1018 363 1078 Necnon
387 1018 474 1078 etiam
498 1019 597 1098 erupit
621 1020 679 1079 alia
699 1040 813 1096 quoque
833 1018 969 1090 haeresis,
991 1038 1065 1095 quae
1089 1016 1203 1078 dicitur

202 1115 402 1176 Cainaeorum.
455 1119 496 1176 Et
529 1118 587 1196 ipsi
615 1118 693 1177 enim
720 1117 910 1195 magnificant
937 1117 1021 1190 Cain,
1052 1117 1136 1194 quasi
1164 1137 1202 1176 ex

201 1217 326 1293 quadam
338 1216 455 1295 potenti
467 1216 588 1277 Virtute
602 1224 783 1294 conceptum,
799 1236 874 1295 quae
893 1221 1012 1294 operata
1026 1215 1067 1276 sit
1081 1215 1202 1292 inipso.

158 1342 189 1378 10
202 1316 280 1374 Nam
300 1314 379 1374 Abel
401 1335 437 1374 ex
458 1315 597 1375 inferiore
610 1316 730 1374 Virtute
751 1321 932 1393 conceptum,
955 1321 1148 1392 procreatum,
1171 1319 1202 1374 et

200 1414 266 1473 ideo
292 1414 462 1474 inferiorem
488 1421 646 1494 repertum.
702 1415 747 1474 Hi
773 1415 825 1493 qui
852 1415 906 1474 hoc
934 1415 1081 1486 adserunt,
1111 1413 1202 1472 etiam

201 1513 305 1572 Iudam
318 1514 496 1591 proditorem
511 1515 680 1589 defendunt,
696 1514 899 1574 admirabilem
920 1513 1005 1571 illum
1018 1520 1048 1573 et
1061 1533 1201 1590 magnum

201 1632 262 1672 asse
289 1619 480 1679 memorantes
508 1618 627 1692 propter
659 1613 811 1685 utilitates,
840 1632 913 1691 quas
945 1611 1072 1670 humano
1100 1610 1202 1688 generi

202 1711 359 1770 contulisse
393 1711 528 1772 iactatur.
594 1713 721 1788 Quidam
759 1713 838 1771 enim
872 1712 1002 1790 ipsorum
1036 1711 1202 1788 gratiarum

159 1838 187 1887 15
202 1808 345 1869 actionem
366 1811 458 1870 Iudae
478 1818 599 1890 propter
622 1812 696 1870 hano
725 1833 856 1871 caussam
880 1810 1060 1871 reddendam
1082 1804 1200 1888 putant.

201 1908 447 1970 Animadvertens
470 1910 557 1984 onim,
577 1911 726 1989 inquiunt,
746 1911 844 1983 Iudas,
863 1910 941 1986 quod
961 1909 1097 1969 Christus
1111 1909 1201 1970 vellet

201 2007 356 2067 veritatem
386 2009 563 2082 subvertere,
589 2009 713 2069 tradidit
740 2009 835 2083 illum,
864 2029 900 2068 ne
932 2009 1064 2069 subverti
1091 2008 1201 2069 veritas

200 2111 306 2182 posset.
347 2107 387 2166 Et
407 2107 458 2167 alii
477 2107 518 2167 sic
539 2112 641 2167 contra
660 2107 814 2186 disputant
828 2113 858 2167 et
872 2107 990 2167 dicunt:
1012 2107 1089 2182 Quia
1104 2115 1201 2184 potes-

201 2210 279 2265 tates
292 2205 382 2265 huius
396 2207 498 2265 mundi
512 2208 650 2266 nolebant
664 2207 727 2284 pati
742 2205 901 2280 Christum,
912 2227 948 2265 ne
961 2206 1089 2265 humano
1099 2206 1202 2282 generi

158 2329 189 2365 20
201 2323 253 2380 per
272 2310 395 2363 mortem
416 2305 508 2382 ipsius
530 2306 609 2364 salus
630 2311 792 2383 pararetur,
807 2305 897 2365 saluti
918 2305 1070 2364 consulens
1084 2305 1202 2381 generis

201 2402 331 2474 humani,
346 2403 469 2462 tradidit
486 2403 644 2477 Christum,
659 2412 694 2463 ut
716 2404 803 2477 salus,
820 2425 893 2482 quae
913 2403 1128 2481 impediebatur
1148 2425 1203 2481 per

201 2501 336 2573 virtutes,
363 2522 436 2578 quae
460 2501 640 2562 obsistebant
660 2524 697 2562 ne
720 2508 872 2582 pateretur
895 2501 1038 2575 Christus,
1063 2502 1202 2581 impediri

202 2596 319 2654 omnino
340 2616 398 2655 non
419 2604 523 2674 posset,
539 2605 569 2656 et
586 2596 652 2656 ideo
665 2618 717 2675 per
730 2597 891 2676 passionem
906 2596 1020 2656 Christi
1033 2617 1091 2655 non
1105 2603 1204 2675 posset

202 2694 280 2753 salus
294 2693 415 2754 humani
429 2697 542 2772 generis
556 2696 709 2756 retardari.

157 2820 186 2868 25
243 2792 302 2852 Sed
325 2798 356 2853 et
377 2794 431 2852 illa
452 2793 579 2853 haeresis
599 2793 748 2872 processit,
767 2815 842 2872 quae
864 2794 976 2853 dicitur
992 2793 1202 2854 Sethoitarum.

202 2891 301 2950 Huius
323 2892 525 2968 perversitatis
553 2893 686 2952 doctrina
709 2892 780 2952 haec
808 2900 869 2953 est:
906 2894 987 2953 Duos
1009 2891 1139 2952 homines
1164 2894 1202 2952 ab

201 2990 313 3067 angelis
327 2992 510 3067 constitutos,
527 2991 602 3051 Cain
615 3000 646 3051 et
659 2991 756 3067 Abel;
777 2998 898 3070 propter
916 2991 969 3051 hos
990 3012 1109 3070 magnas
1123 2992 1203 3052 inter

200 3089 318 3166 angelos
333 3090 533 3150 contentiones
547 3097 578 3151 et
592 3091 749 3150 discordias
764 3092 920 3164 exstitisse,
930 3092 966 3150 ob
980 3091 1056 3151 hano
1070 3111 1202 3151 caussam

235 3277 257 3312 1.
276 3266 494 3313 similitudinem
505 3268 652 3322 serpentis.
688 3265 775 3329 Comp.
788 3265 855 3314 Iren.
866 3265 882 3313 i.
897 3266 935 3314 28.
948 3277 963 3325 5
976 3263 1132 3328 ὀφιόμορφον.

234 3344 257 3390 8.
274 3345 468 3400 cainaeorum,
481 3358 521 3391 see
533 3350 593 3392 note
608 3344 638 3392 de
650 3359 764 3408 praescr.
776 3343 843 3393 haar.
853 3357 892 3405 33.
926 3343 1108 3392 Chaldaeorum
1122 3342 1144 3392 is
1158 3343 1204 3394 the

199 3421 304 3485 reading
315 3421 343 3470 of
349 3422 433 3481 Leia,
445 3421 523 3471 Rhea.

235 3514 247 3546 2
250 3513 272 3562 5.
294 3503 495 3549 sethoitarum.
528 3500 582 3548 The
597 3499 721 3549 Sethoites
736 3515 763 3548 or
774 3499 890 3548 Sethians
902 3517 944 3549 are
954 3506 1000 3550 not
1011 3499 1157 3549 mentioned
1168 3500 1203 3565 by

201 3579 326 3638 Irenaeus,
336 3578 386 3627 and
397 3578 440 3627 the
449 3581 502 3627 sect
509 3579 646 3637 sonamed,
659 3577 774 3637 Σιθιανοὶ,
783 3578 810 3626 in
822 3578 977 3642 Hippolytus
991 3578 1101 3643 (Philon.
1112 3596 1136 3628 v.
1149 3578 1202 3643 21),

200 3657 285 3706 differs
296 3658 321 3704 in
333 3672 408 3722 many
417 3663 525 3721 respecta
535 3657 598 3706 from
610 3656 653 3704 the
664 3673 711 3705 one
722 3656 782 3705 here
793 3656 928 3706 described.
963 3656 1119 3721 Epiphanius
1130 3658 1202 3721 gives

199 3751 231 3784 an
243 3741 349 3784 account
360 3735 473 3791 orthem,
485 3735 662 3799 substantially
671 3735 714 3783 the
726 3751 795 3784 same
805 3751 833 3784 as
840 3735 1106 3797 Pseudo-Tertullian;
1119 3752 1200 3800 comp.

200 3814 305 3864 Philast.
318 3827 342 3877 3.
376 3814 422 3863 See
433 3813 534 3863 Salmon
545 3815 580 3863 D.
592 3814 619 3862 0.
627 3813 661 3862 B.
673 3813 706 3863 iu.
722 3814 761 3878 87.
