2724 4356
147 283 207 331 cnr.
225 274 330 342 xxvi]
351 267 391 334 de
410 269 673 354 Praescriptione
694 269 952 337 Haereticorum.
1105 274 1148 358 65

145 439 171 499 61
198 439 303 499 nolunt
330 439 480 501 ecclesiam
507 440 649 519 intellegi,
675 441 751 502 nihil
772 443 903 516 interest,
929 443 1045 521 quondo
1072 443 1148 504 nihil
1235 460 1240 471 ·

144 536 269 597 tacitum
285 539 376 599 fuerit
395 540 475 618 quod
492 540 547 599 sub
566 540 669 601 multis
686 542 812 602 testibus
834 542 1046 620 proferebatur.
1089 542 1148 604 Sed
1242 587 1245 593 ·

145 657 198 698 nec
218 637 287 715 quia
307 637 403 698 voluit
423 639 508 698 illum
528 639 599 700 haec
619 639 755 701 fidelibus
775 640 941 701 hominibus
964 642 1147 716 demandare,

144 735 196 814 qui
222 736 321 796 idonei
345 737 408 798 sint
430 744 461 797 et
485 737 558 798 alios
583 739 703 813 docere;
738 740 770 798 id
798 750 912 818 quoque
937 746 1147 818 argumentum

143 835 251 895 occulti
272 835 399 896 alicuius
427 825 574 915 eiangelii
602 837 857 916 interpretandum
881 843 932 899 est.
974 840 1052 899 Nam
1079 853 1174 905 cums

143 934 217 994 dicit
239 935 328 1007 Haec,
349 935 386 995 de
409 935 451 997 eis
472 936 553 1008 dicit,
567 936 604 996 de
626 937 735 1016 quibus
758 938 790 996 in
811 936 959 1016 praesenti
980 938 1146 1014 scribebat3

144 1032 180 1091 de
197 1033 318 1093 occultis
338 1040 446 1107 autem,
462 1040 497 1094 ut
511 1035 547 1095 de
560 1035 740 1109 absentibus,
754 1035 834 1115 apud
855 1035 1073 1110 conscientiam,
1087 1057 1145 1098 non

145 1131 235 1204 Haec,
250 1132 302 1193 sed
315 1132 372 1193 Illa
386 1131 519 1196 dixisset.

510 1301 646 1363 CAPUT
667 1303 776 1362 XXVI.

184 1432 291 1492 Poeno
320 1453 498 1511 consequens
529 1437 602 1507 erat,
630 1440 666 1494 ut
697 1433 745 1494 cui
775 1434 971 1495 demandabat
999 1435 1145 1513 evangelii

142 1529 425 1615 administrationem
452 1552 512 1590 non
540 1533 648 1609 passim
675 1553 728 1592 nec
756 1533 970 1593 inconsiderate
1001 1534 1143 1594 adminis-
1159 1559 1189 1596 ro

142 1630 286 1703 trandum,
295 1631 424 1691 adiceret
432 1630 594 1692 secundum
602 1631 777 1691 dominicam
786 1652 895 1707 vocem,
909 1652 945 1691 ne
956 1633 1144 1710 margaritam

141 1729 237 1806 porcis
271 1735 302 1789 et
337 1734 470 1791 sanctum
508 1719 629 1790 canibus
666 1729 798 1792 iactaret.
861 1730 1004 1790 Dominus
1045 1733 1144 1810 palum

143 1826 245 1901 edixit,
273 1828 337 1887 sine
363 1828 425 1888 ulla
453 1828 666 1907 significatione
701 1828 827 1890 alicuius
855 1829 927 1889 tecti
958 1831 1143 1891 sacramenti.

142 1925 210 2002 Ipse
230 1932 425 2005 praeceperat,
441 1927 465 1986 si
483 1915 559 2006 ‘quid
573 1929 604 1986 in
618 1927 747 1988 tenebris
762 1934 792 1987 et
806 1928 837 1986 in
851 1927 1022 1989 abscondito
1043 1929 1143 1989 audis-

141 2031 214 2097 sent,
226 2024 257 2082 in
267 2025 333 2085 luce
347 2031 378 2086 et
392 2025 423 2084 in
437 2027 524 2086 tectis
534 2027 747 2104 praedicerent.
776 2027 844 2105 Ipse
855 2034 906 2105 per
917 2027 1142 2087 similitudinem
1157 2051 1186 2104 15

140 2122 397 2202 praefiguraverat,
411 2144 449 2185 ne
469 2146 558 2185 unam
578 2147 685 2200 mnam,
701 2126 733 2185 id
755 2130 800 2185 est
819 2145 912 2185 unum
925 2126 1048 2186 verbum
1068 2127 1141 2200 eius,

141 2221 204 2281 siue
225 2223 326 2282 fructu
352 2223 384 2282 in
405 2223 506 2283 abdito
528 2230 719 2284 reservarent.
760 2225 830 2303 Ipse
851 2224 971 2283 docebat
992 2225 1141 2286 lucernam

140 2341 199 2379 non
234 2321 289 2380 sub
320 2321 452 2381 modium
486 2322 619 2382 abstrudi
649 2323 750 2395 solere,
781 2321 832 2383 sed
865 2321 897 2381 in
931 2323 1140 2383 candelabrum

140 2418 287 2492 constitui,
302 2424 338 2479 ut
352 2421 448 2480 luceat
462 2421 596 2480 omnibns
611 2422 705 2500 quiin
720 2420 804 2481 domo
815 2426 892 2481 sunt.
922 2422 1004 2481 Haec
1014 2421 1140 2499 apostoli

158 2523 194 2577 ut
220 2520 413 2596 neglexerunt
439 2525 493 2581 aut
517 2519 637 2580 minime
664 2521 883 2592 intellexerunt,
907 2519 934 2578 si
960 2540 1021 2579 non
1047 2519 1139 2579 adim-
1155 2543 1187 2581 ao

138 2616 302 2693 pleverunt,
327 2619 537 2679 abscondentes
561 2619 675 2698 aliquid
696 2619 732 2679 de
753 2619 871 2691 lumine,
892 2616 923 2676 id
948 2622 1001 2690 est,
1024 2617 1060 2678 de
1082 2618 1140 2678 Dei

139 2714 228 2773 verbo
251 2720 282 2774 et
304 2713 417 2774 Christi
444 2722 632 2776 sacramento.
676 2716 839 2788 Neminem,
862 2715 940 2794 quod
968 2715 1036 2789 ecio,
1057 2736 1140 2776 vere-

138 2812 256 2886 bantur,
272 2834 331 2872 non
351 2813 526 2874 Iudaeorum
546 2816 616 2887 vim,
638 2837 697 2875 non
725 2815 928 2877 ethnicorum:
965 2835 1022 2893 quo
1045 2816 1139 2894 magis

138 2911 242 2988 utique
256 2911 289 2970 iu
302 2911 426 2972 ecclesia
441 2912 534 2973 libere
547 2915 765 2992 praedicebant,
780 2913 832 2992 qui
847 2915 879 2972 in
893 2914 1048 2992 synagogis
1062 2920 1093 2975 et
1106 2915 1138 2974 in

138 3009 209 3069 locis
223 3009 350 3089 publicis
366 3031 424 3070 non
438 3012 584 3072 tacebant.
614 3013 709 3072 Immo
724 3034 817 3090 neque
831 3012 956 3072 Iudaeos
970 3019 1138 3074 convertere
1152 3034 1182 3084 ²5

138 3128 231 3186 neque
254 3109 384 3169 ethnicos
406 3110 545 3171 inducere
564 3112 738 3189 potuissent,
760 3110 818 3171 nisi
839 3110 917 3189 quod
937 3111 1016 3171 credi
1037 3112 1138 3172 abeis

137 3209 275 3268 volebant
295 3208 398 3268 ordine
419 3215 604 3286 exponerent.
646 3209 746 3269 Multo
766 3210 859 3289 magis
878 3209 938 3270 iem
952 3209 1137 3271 credentibus

170 3373 251 3422 Ome.
264 3372 441 3423 XXVI.-11.
460 3377 632 3424 dominicam
641 3389 747 3426 vocem.
782 3375 808 3425 S.
820 3375 899 3424 Matt
909 3373 953 3423 vii.
965 3372 989 3424 6.

173 3464 210 3513 ¹3·
228 3455 413 3501 sacramenti:
431 3468 472 3501 666
484 3456 550 3512 note,
562 3452 602 3504 ch.
617 3466 656 3504 πο.

171 3542 210 3591 14.
228 3532 294 3586 Ipse
306 3520 493 3587 praeciperet.
527 3530 552 3581 8.
564 3530 643 3581 Μ611.
655 3547 680 3582 x.
695 3541 733 3595 27.

170 3620 208 3670 15.
226 3610 514 3664 consimilitudinem.
547 3609 573 3660 S.
585 3609 657 3658 Leke
667 3609 719 3661 xix.
732 3622 761 3659 12
774 3610 801 3662 ff.

170 3695 209 3749 17.
226 3688 293 3743 Ipse
305 3690 432 3737 docebat.
465 3687 491 3737 S.
503 3687 581 3737 Matt.
593 3704 618 3739 v.
632 3701 670 3752 15.

170 3774 209 3828 27.
226 3767 326 3814 ordine
339 3773 531 3822 exponerent:
549 3783 627 3832 comp.
639 3767 664 3817 S.
675 3767 748 3817 Luke
759 3769 777 3818 i.
789 3781 814 3832 3.

224 3845 319 3893 Multo
329 3846 429 3904 manis,
438 3845 497 3896 &cz
514 3861 595 3910 comp.
606 3845 759 3909 11661113.

626 3946 647 3989 F
