2724 4356
201 317 245 385 34
607 299 805 365 Tertulliani
1089 308 1209 374 [crau

200 470 442 532 exorbitaverint.
484 471 588 550 Neque
612 473 691 531 enim
715 491 763 531 eos
785 469 952 548 probabiles
972 469 1103 550 intelligi
1124 471 1208 532 iuvat

201 571 254 649 qui
270 571 302 630 in
318 570 453 632 haeresin
469 570 557 630 fidem
571 571 741 631 demutant:
770 569 848 628 sicut
862 589 899 629 ex
912 569 1028 629 diverso
1041 569 1099 630 sibi
1113 570 1207 630 inter·

200 675 356 749 pretantur
375 669 444 749 quia
462 669 573 730 dixerit
590 669 662 728 alibi
679 669 788 728 Omnia
804 668 978 743 examinate,
999 669 1079 747 quod
1099 669 1207 728 bonum

201 774 246 829 est
268 773 375 829 tenete.
417 769 509 844 Quasi
531 788 590 828 non
615 768 702 828 liceat
724 767 860 827 omnibus
884 767 960 826 male
981 768 1155 828 examinatis
1176 768 1207 827 in

172 896 186 944 5
201 867 370 928 electionem
383 867 508 928 alicuius
522 867 592 927 mali
609 865 771 945 impingere
785 887 839 944 per
851 885 987 926 errorem.

607 1065 741 1126 CAPUT
761 1065 798 1125 V.

242 1217 359 1289 Poene,
383 1217 408 1277 si
434 1215 626 1277 dissensiones
649 1221 679 1274 et
701 1214 858 1275 schismata
880 1214 1023 1294 increpat,
1046 1236 1120 1294 quae
1142 1217 1205 1277 sine

202 1315 293 1376 dubio
313 1316 387 1375 mala
407 1323 483 1388 sunt,
498 1321 528 1373 et
545 1314 577 1372 in
591 1313 754 1374 continenti
768 1312 900 1373 haereses
915 1314 1076 1392 subiungit.
1119 1315 1206 1390 Quod

202 1414 287 1474 malis
304 1414 453 1492 adiungat,
472 1414 581 1473 malum
601 1410 704 1498 utique
724 1412 889 1490 profitetur,
909 1418 940 1472 et
962 1412 1080 1490 quidem
1101 1414 1205 1487 maius,

202 1534 270 1572 eum
287 1512 351 1573 ideo
370 1512 528 1572 credidisse
547 1532 577 1572 se
596 1512 676 1572 dieat
695 1511 731 1570 de
750 1510 956 1571 schismatibus
970 1518 1001 1572 et
1015 1512 1206 1572 dissensioni·

160 1613 265 1685 robus,
278 1610 346 1690 quia
360 1611 448 1670 sciret
462 1610 551 1671 etiam
564 1611 698 1671 haereses
713 1617 844 1687 oportere
859 1631 930 1671 esse.
974 1609 1114 1671 Ostendit
1127 1611 1206 1671 enim

202 1710 345 1789 gravioris
366 1710 435 1768 mali
456 1715 615 1788 conspectu
636 1710 672 1769 de
693 1709 851 1768 levioribus
874 1729 904 1769 se
929 1709 1015 1769 facile
1040 1710 1205 1785 credidisse,

202 1815 279 1869 certe
301 1829 358 1868 non
380 1808 500 1868 ntideo
522 1809 558 1868 de
579 1808 662 1868 malis
683 1806 851 1881 crediderit,
866 1807 937 1885 quia
956 1807 1089 1868 haereses
1109 1810 1206 1870 bonae

202 1914 307 1981 essent,
336 1907 387 1968 sed
418 1907 465 1967 uti
495 1907 531 1967 de
560 1906 667 1984 peioris
700 1926 816 1985 quoque
848 1912 935 1966 notae
962 1907 1206 1984 temptationibus

202 2011 414 2085 praemoneret,
434 2026 494 2065 non
516 2026 578 2066 esse
600 2005 774 2078 mirandum,
797 2025 869 2084 quas
891 2005 1002 2066 diceret
1024 2006 1144 2067 tendere
1167 2007 1206 2067 ad

158 2126 188 2176 15
201 2105 365 2184 probabiles
380 2126 511 2185 quosque
525 2104 759 2178 manifestandos,
770 2103 880 2164 scilicet
895 2124 966 2182 quos
980 2125 1040 2164 non
1053 2105 1207 2182 potuerint

201 2205 368 2282 depravare.
410 2202 545 2281 Denique
563 2203 588 2264 si
606 2208 703 2263 totum
722 2201 882 2280 capitulum
897 2203 935 2262 ad
948 2203 1095 2264 unitatem
1109 2205 1205 2264 conti·

201 2304 326 2364 nondam
345 2307 375 2362 et
393 2301 591 2381 separationes
610 2301 782 2361 coercendas
803 2301 889 2378 sapit,
909 2299 1041 2362 haereses
1057 2323 1127 2363 vero
1145 2323 1205 2362 non

201 2401 298 2462 minus
317 2402 353 2461 ab
370 2401 485 2462 unitate
503 2401 656 2473 divellunt,
672 2420 760 2477 quam
777 2399 933 2459 schismata
949 2405 980 2459 et
993 2400 1186 2461 dissensiones
1195 2421 1203 2477 ;

200 2499 264 2561 sine
280 2499 369 2560 dubio
390 2506 420 2560 et
441 2500 574 2559 haereses
593 2498 625 2556 in
644 2518 678 2558 ea
696 2497 864 2558 condicione
883 2497 1117 2576 reprehensionis
1136 2520 1204 2559 con·

236 2687 257 2722 1.
275 2674 507 2724 exorbitaverint.
541 2671 603 2721 This
619 2671 642 2720 is
661 2687 677 2719 a
694 2669 818 2720 favourite
834 2671 905 2721 word
924 2672 953 2720 of
965 2672 1136 2735 Tertullian’s,
1152 2673 1205 2724 and

199 2751 385 2816 appropriately
394 2766 523 2815 expressas
533 2750 579 2799 the
587 2749 713 2799 desertior
722 2749 749 2798 ol
759 2749 802 2798 the
811 2749 910 2800 defined
918 2751 980 2815 path
989 2751 1017 2800 of
1022 2752 1104 2817 safety
1112 2752 1205 2803 foribs

200 2830 322 2880 trackless
338 2845 420 2879 manes
437 2828 465 2878 oi
479 2828 577 2893 heresy.
612 2828 785 2893 [Orbita=‘a
807 2827 967 2890 wheel·rut’;
984 2831 1204 2881 exorbitara=‘to

200 2915 271 2973 stray
282 2910 347 2958 from
360 2909 404 2958 the
415 2907 485 2971 right
495 2906 608 2971 course']
642 2907 710 2956 Ado.
723 2907 809 2957 Marc.
821 2907 856 2958 iii.
870 2921 883 2955 a
897 2911 1057 2973 ‘suspectum
1068 2909 1205 2960 habebitur

200 3002 274 3036 omne
284 2987 352 3051 quod
363 2985 516 3036 exorbitavit
524 2983 546 3045 ’3
563 2985 593 3036 de
600 2984 666 3048 pud.
676 2985 690 3033 8
703 2986 735 3032 ‘a
745 3000 806 3034 vero
817 2985 913 3034 lumine
925 2988 1072 3036 exorbitant
1080 2986 1102 3036 ἰ
1120 3003 1204 3053 comp.

200 3065 329 3128 Irenaeus,
342 3082 366 3117 v.
380 3079 419 3114 20.
436 3077 447 3113 1
461 3063 608 3124 ‘haeretici,
621 3063 739 3128 quoniam
752 3062 803 3112 sint
815 3064 883 3113 caeci
896 3064 929 3114 ad
940 3065 1083 3128 veritatem,
1096 3066 1205 3116 alteram

200 3149 228 3194 et
234 3144 341 3194 alteram
350 3143 479 3194 ambulare
488 3143 658 3192 exorbitantes
669 3139 755 3192 viam?
778 3142 862 3192 Sidon
874 3142 951 3206 Apol.
963 3142 1048 3208 Epist.
1060 3143 1112 3195 viii.
1128 3157 1157 3193 11
1172 3149 1204 3194 ‘a

200 3223 336 3273 catholicae
359 3221 418 3270 fidei
440 3221 535 3286 regulis
558 3218 715 3271 exorbitara.'
749 3219 924 3286 Occasionally
946 3220 991 3270 the
1013 3222 1076 3271 verb
1098 3222 1120 3271 is
1141 3222 1205 3272 used

200 3301 319 3365 actively‚
331 3300 416 3350 Sidon.
425 3300 501 3363 Apol
512 3298 597 3364 Epist.
609 3316 632 3349 v.
648 3298 677 3347 16
688 3314 696 3359 ;
710 3299 779 3348 Tert.
788 3299 898 3371 Arol·,9·
932 3299 983 3348 For
994 3299 1068 3350 other
1076 3301 1205 3352 instanoss

201 3379 229 3428 oi
237 3380 282 3430 the
296 3378 375 3439 word,
387 3394 427 3427 see
438 3377 476 3426 ch
486 3392 527 3441 44,
540 3378 615 3441 Apol.
629 3376 653 3441 6,
666 3377 704 3438 16,
716 3392 763 3437 203
780 3378 816 3427 ad
825 3382 879 3428 cat.
890 3377 908 3429 i.
919 3390 957 3441 13,
967 3379 993 3429 ii.
1005 3391 1034 3440 η
1051 3380 1081 3429 dc
1088 3379 1158 3445 pall.
1169 3393 1204 3442 5:

200 3458 345 3509 andiorthe
352 3458 429 3507 subet.
438 3455 615 3513 ‘exorbitatio'
623 3457 653 3505 da
660 3456 799 3516 stlol.8,10;
811 3456 978 3508 adamaret.
985 3471 1029 3522 ²93
1040 3458 1071 3507 de
1078 3458 1156 3508 caim.
1164 3470 1205 3523 24.

267 3539 356 3593 iuvat,
369 3551 401 3586 sc.
415 3532 589 3599 ‘apostolum’
623 3533 682 3598 Rip.
694 3534 774 3583 iubet.

234 3629 258 3679 5.
275 3616 441 3672 impingere.
475 3613 537 3662 This
548 3611 712 3662 intransitive
728 3627 772 3660 use
790 3612 817 3661 ol
825 3612 963 3678 impropero
980 3613 1003 3662 is
1019 3619 1064 3662 not
1080 3613 1204 3666 classioal.

200 3692 345 3744 Tertullian
355 3691 468 3756 employs
479 3692 501 3741 it
512 3691 717 3740 mineorum
734 3705 814 3755 comp.
825 3691 866 3741 ch.
879 3705 911 3753 30
918 3708 925 3752 3
942 3692 1023 3755 Apol.
1036 3705 1050 3753 3
1063 3691 1106 3741 ‘in
1116 3692 1205 3742 odium

201 3771 256 3820 eius
274 3766 450 3834 impingnnt’;
466 3768 498 3819 ab.
521 3768 657 3818 ‘caecitate
676 3767 727 3817 odii
742 3767 769 3816 in
786 3767 934 3832 suffragium
952 3766 1125 3833 impingunt’3
1142 3769 1204 3820 cdo.

200 3848 286 3901 Mara.
299 3847 336 3901 iii.
350 3861 389 3900 11.
422 3846 567 3898 Elsewhere
578 3846 747 3912 transitively,
761 3845 819 3896 cdv.
831 3845 915 3898 Mare.
928 3847 963 3897 iv.
976 3857 999 3912 7,
1010 3863 1034 3898 v.
1051 3846 1090 3910 16,
1101 3846 1146 3900 bc.
