2724 4356
236 274 278 344 52
642 262 845 329 Tertulliani
983 272 1058 338 [cn.
1073 278 1142 343 xvi,
1158 277 1239 330 xvn.

235 433 340 493 hebere
362 434 484 512 possint,
507 433 613 512 dispici
634 388 721 495 ddbet
742 435 789 494 cui
810 439 959 512 competat
982 434 1125 512 possessio
1147 435 1239 514 scrip·

234 538 377 606 tusorum,
393 554 430 592 ne
444 532 470 592 is
484 532 661 593 admittetur
674 533 713 592 ed
726 554 782 609 eas,
800 533 847 592 cui
861 534 1040 593 nullomodo
1055 533 1204 612 competit.

615 716 753 778 CAPUT
774 718 856 778 XVI.

275 852 345 910 Hoc
360 850 396 911 de
411 850 532 911 consilio
545 850 731 923 diffidentiae,
745 857 799 911 sut
813 853 849 913 de
869 851 967 912 studio
987 850 1076 910 aliter
1092 850 1238 910 ineundas

234 950 454 1010 constitutionis
467 950 644 1022 induxerim,
659 950 716 1010 nisi
730 951 808 1011 ratio
822 949 995 1021 constiterit,
1010 949 1043 1008 in
1057 948 1162 1027 primis
1176 949 1236 1024 illa,

205 1049 312 1128 5quod
338 1049 411 1109 fides
438 1055 540 1109 nostre
567 1048 739 1127 obsequium
767 1051 897 1128 apostolo
925 1050 1037 1121 debent,
1066 1048 1237 1126 prohibenti

233 1147 414 1224 quaestiones
424 1147 507 1220 inire,
512 1147 720 1208 novisvocibus
730 1169 815 1208 eures
826 1148 1048 1220 accommodare,
1055 1146 1238 1206 hoereticum

232 1252 299 1323 post
313 1266 403 1304 unam
416 1246 628 1325 correptionem
648 1248 811 1320 convenire,
826 1267 884 1305 non
904 1253 973 1324 post
993 1245 1233 1323 disputationem.

232 1344 314 1403 Adeo
332 1344 490 1404 interdixit
504 1345 741 1422 disputationem,
753 1346 966 1423 correptionem
981 1344 1137 1421 designans
1151 1364 1235 1404 ceus-

232 1463 294 1500 som
312 1441 454 1502 haeretici
469 1443 665 1514 conveniendi,
681 1449 712 1503 et
726 1444 779 1502 hoc
798 1465 888 1503 unam
903 1443 1016 1504 scilicet
1030 1443 1172 1520 quianon
1190 1448 1236 1503 est

189 1566 218 1601 10
232 1540 438 1602 Christianus:
470 1562 507 1600 ne
532 1562 613 1601 more
634 1540 797 1604 Christiani
819 1542 907 1603 semel
930 1548 960 1603 et
983 1542 1100 1615 iterum,
1123 1546 1154 1600 et
1179 1542 1235 1601 sub

231 1638 344 1699 duobus
358 1645 411 1700 aut
426 1640 523 1700 tribus
536 1640 661 1700 testibus
675 1641 867 1718 castigandus
877 1641 1037 1711 videretur,
1048 1660 1113 1699 cum
1127 1642 1165 1700 ob
1178 1640 1235 1700 hoc

231 1739 271 1798 sit
285 1738 483 1817 castigandus,
498 1744 619 1817 propter
634 1740 712 1816 quod
730 1761 789 1799 non
809 1740 849 1800 sit
866 1761 932 1800 cum
949 1740 1000 1799 illo
1015 1739 1233 1817 disputandum,

230 1837 335 1897 dehinc
349 1837 486 1915 quonism
504 1837 581 1896 nihil
598 1837 733 1916 proficiet
753 1839 918 1916 congressio
936 1839 1158 1917 scripturarum,
1174 1839 1234 1898 nisi

229 1937 315 2014 plene
328 1943 364 1997 ut
378 1935 520 1997 stomachi
534 1957 593 2014 qus
606 1936 687 1996 inest
700 1937 886 2010 eversionem,
901 1943 954 1998 sut
968 1938 1088 1998 cerebri.

603 2117 737 2180 CAPUT
758 2119 857 2179 XVII.

186 2269 215 2320 15
270 2239 344 2298 Isrs.
357 2240 485 2301 haeresis
499 2262 559 2301 non
572 2241 679 2320 recipit
698 2242 839 2319 quosdam
859 2240 1022 2319 scripturas
1032 2259 1041 2313 3
1063 2245 1094 2300 et
1113 2241 1138 2300 si
1160 2261 1233 2319 ques

228 2339 342 2418 recipit,
362 2346 392 2400 et
416 2340 629 2418 adjectionibus
650 2346 680 2400 et
701 2339 930 2400 detractionibus
950 2341 989 2399 ed
1009 2339 1232 2418 dispositionem

261 2483 343 2534 Osse.
355 2484 490 2549 xvi-4.
507 2487 732 2544 constitutionis,
744 2484 802 2533 ‘the
813 2485 884 2548 point
893 2483 921 2531 in
933 2483 1032 2546 dispute
1040 2481 1063 2543 ’;
1081 2485 1231 2535 constitutio

227 2561 282 2611 iss
298 2562 365 2626 legal
380 2569 446 2612 term
463 2563 523 2612 used
539 2563 736 2627 synonymously
755 2562 818 2613 with
836 2565 925 2617 status.
937 2562 997 2611 ‘the
1011 2564 1081 2611 mein
1096 2562 1230 2627 question,’

227 2640 316 2689 Cicero
335 2642 367 2691 de
385 2642 467 2691 tocco.
480 2642 544 2691 rtet.
563 2641 580 2691 i.
597 2642 611 2691 8
628 2645 702 2690 ‘eum
724 2640 803 2705 igitur
819 2640 994 2704 quaestionem
1017 2657 1048 2689 ex
1071 2657 1122 2705 qus
1143 2657 1231 2692 censes

227 2719 349 2778 nescitur,
371 2719 519 2769 constitutio
535 2717 720 2782 appellamus’;
742 2719 794 2768 and
814 2718 890 2781 egsin
907 2719 1070 2768 ‘constitutio
1090 2724 1129 2769 est
1148 2720 1231 2783 prims

227 2796 352 2847 conflictio
371 2795 547 2856 csusssrum’3
578 2797 691 2846 Oorniiio
710 2796 727 2846 i.
749 2808 776 2845 11
798 2796 1010 2846 ‘constitutiones
1029 2797 1098 2861 opud
1116 2797 1230 2847 rhetores

226 2879 287 2923 sunt
300 2912 306 2926 .
320 2910 327 2923 .
339 2910 346 2924 .
358 2911 364 2924 .
377 2890 442 2938 quse
459 2879 540 2924 status
552 2875 629 2926 etism
640 2875 789 2934 dicuntur’;
805 2890 885 2939 comp.
897 2875 984 2934 Quint.
996 2874 1033 2925 iii.
1045 2875 1069 2924 6.
1084 2876 1131 2925 eff.

292 2956 463 3014 induxerim,
482 2953 512 3001 ‘I
526 2953 609 3017 might
627 2954 660 3002 be
672 2953 791 3018 bringing
808 2954 916 3004 forwsrd
935 2954 986 3003 this
1005 2951 1148 3019 objection'
1182 2955 1230 3004 Iu·

226 3031 315 3082 ducere
333 3032 356 3080 is
373 3031 504 3096 primarily
515 3035 559 3080 ‘to
571 3031 646 3095 bring
662 3030 770 3081 forwurd
781 3047 814 3080 on
824 3030 867 3081 the
879 3030 967 3096 stage,'
979 3038 986 3059 ⁸
996 3036 1022 3081 to
1033 3031 1160 3093 exhibit’;
1178 3033 1230 3081 end

226 3109 317 3159 thonos
328 3110 356 3158 in
366 3108 433 3174 legsl
442 3125 486 3159 use
499 3114 540 3158 ‘to
550 3109 625 3175 bring
635 3109 720 3159 before
731 3125 747 3158 s
757 3115 830 3160 court
837 3107 859 3171 ';
876 3110 979 3160 Sueten.
987 3109 1062 3162 Dom.
1073 3124 1100 3159 11
1110 3127 1118 3172 3
1134 3109 1228 3162 Oleud.

225 3202 274 3252 403
291 3187 358 3238 Plin
369 3188 452 3250 Epist.
461 3188 487 3237 ii.
502 3200 541 3238 12.
552 3204 574 3237 2.

259 3278 283 3329 5.
300 3269 466 3325 prohibenti
477 3269 666 3323 quaestiones.
702 3279 714 3317 1
727 3265 791 3315 'lim
803 3264 836 3314 vi.
848 3281 879 3330 4;
895 3265 945 3316 Tit.
957 3266 994 3319 iii.
1008 3279 1046 3315 ιο.

259 3353 283 3408 7.
299 3350 461 3402 postumam
472 3347 687 3402 correptionem.
719 3344 765 3394 See
775 3349 844 3404 note,
855 3344 894 3394 ch.
907 3344 931 3394 6.

261 3436 299 3471 ιο.
316 3436 394 3472 more
405 3425 568 3472 christiani.
603 3423 627 3472 S.
638 3423 716 3473 Matt.
727 3422 798 3472 xviii.
812 3435 841 3485 15
851 3416 869 3472 i.

260 3515 299 3563 13.
315 3503 477 3560 congressio
496 3503 709 3561 scripturorum,
727 3502 745 3552 i.
753 3518 775 3552 e.
797 3500 951 3564 ‘congressio
967 3499 999 3549 de
1018 3499 1176 3564 seripturis?
1199 3517 1226 3550 so

225 3580 300 3644 sgsin
312 3579 352 3629 ch.
368 3580 398 3629 18
412 3581 582 3643 ‘congressum
594 3578 790 3643 scripturarum:
824 3579 911 3642 Oomp.
923 3584 993 3640 note,
1002 3579 1073 3642 chop.
1087 3588 1109 3642 7.

260 3672 299 3722 14.
316 3661 409 3718 plens,
420 3656 533 3720 ironiesh
541 3673 569 3709 ss
576 3657 707 3722 generally
718 3657 746 3707 in
756 3657 916 3710 Tertullisn:
933 3672 974 3706 see
985 3662 1046 3706 note
1057 3673 1091 3706 on
1103 3658 1110 3683 ‘
1120 3657 1225 3722 opinor,’

224 3736 264 3787 ch.
275 3751 301 3798 3.

289 3829 352 3875 que,
366 3817 374 3844 ‘
381 3814 408 3864 in
418 3830 446 3865 so
457 3815 496 3864 fer
506 3830 534 3864 ss
543 3813 563 3876 ’ς
580 3829 622 3865 see
632 3813 713 3881 Apol.
725 3827 739 3880 5
754 3813 814 3865 ‘sed
825 3829 877 3881 qus
888 3818 914 3864 et
923 3812 1013 3865 homo?
