2724 4356
119 295 178 342 cu.
195 285 252 350 ru]
488 277 549 342 Ad
566 277 751 360 Martyres.
1058 285 1120 357 115

120 450 247 511 Timebit
261 449 383 509 forsitan
398 469 466 509 caro
483 450 616 527 gladium
636 470 764 528 gravem,
779 453 809 508 et
830 469 946 507 crucem
967 448 1119 518 excelsam,

120 555 150 610 et
171 550 282 608 rabiem
302 549 470 621 bestiarum,
486 555 517 608 et
541 569 685 608 summam
706 547 821 624 ignium
844 568 974 624 poenam,
991 551 1020 606 et
1036 567 1121 606 omne

120 648 264 707 carnificis
286 647 438 725 ingenium
452 648 483 705 in
497 648 662 707 tormentis.
705 646 763 706 Sed
784 645 907 722 spiritns
929 649 1122 723 contraponat

121 747 178 807 sibi
194 752 225 806 et
239 746 329 820 carni,
345 747 447 806 acerba
465 746 534 806 licet
554 747 620 820 ista,
634 768 652 805 a
674 747 774 805 multis
795 752 893 805 tamen
913 766 1006 823 aequo
1025 744 1121 804 animo

121 852 249 924 excepta,
273 845 363 904 immo
387 851 418 906 et
442 846 522 904 ultro
543 845 684 923 appetita,
704 847 798 904 famae
820 850 850 904 et
870 845 980 922 gloriae
1002 863 1150 916 caussa35

122 965 174 1005 nec
199 966 217 1004 a
240 944 312 1003 viris
339 949 466 1017 tantum,
493 944 543 1003 sed
568 944 658 1004 etiam
680 965 697 1003 a
723 944 850 1016 feminis,
868 949 904 1004 ut
924 964 976 1003 vos
997 961 1121 1021 quoqne,

122 1043 299 1115 benedictae,
336 1042 418 1102 sexui
452 1047 550 1102 vestro
584 1043 794 1121 respondeatis.
849 1044 984 1120 Longum
1018 1048 1070 1114 est,
1098 1040 1124 1100 si

123 1161 289 1201 enumerem
317 1140 453 1218 singulos,
478 1140 530 1218 qui
557 1160 588 1200 se
611 1141 710 1218 gladio
735 1141 920 1215 confecerint,
944 1140 1042 1200 animo
1071 1159 1124 1199 suo

124 1240 214 1300 ducti.
257 1239 302 1298 De
329 1239 445 1297 feminis
472 1239 510 1297 a'd
537 1259 656 1297 manum
682 1245 736 1299 est.
786 1240 931 1311 Lucretia,
961 1259 1035 1316 quae
1062 1237 1123 1296 vim

124 1338 221 1416 stupri
240 1357 324 1414 passa
345 1344 398 1409 est,
421 1338 550 1396 cultrum
571 1337 627 1396 sibi
647 1339 748 1415 adegit
768 1339 800 1396 in
821 1343 978 1414 conspectu
1006 1337 1124 1414 propin·
1140 1355 1170 1391 10

125 1458 257 1516 quorum,
272 1442 308 1495 ut
320 1437 446 1514 gloriam
463 1436 593 1496 castitati
613 1457 682 1497 suae
702 1443 827 1515 pareret.
869 1436 984 1497 Mucius
1005 1457 1125 1496 manum

126 1558 207 1597 suam
230 1537 379 1595 dexteram
402 1536 435 1594 in
459 1555 511 1594 ara
535 1537 683 1608 cremavit,
701 1543 737 1596 nt
757 1537 812 1596 hoo
835 1537 945 1595 iactum
964 1536 1028 1595 eius
1048 1537 1126 1596 fama

125 1636 252 1695 haberet.
305 1635 405 1694 Minus
429 1636 563 1694 fecerunt
589 1634 775 1713 philosophi:
810 1634 987 1708 Heraclitus,
1016 1635 1068 1711 qui
1095 1656 1126 1694 se

126 1735 235 1793 bubulo
258 1740 383 1793 stercore
406 1733 531 1792 oblitum
550 1733 678 1806 exussit3
707 1732 779 1792 item
800 1733 998 1811 Empedocles,
1019 1733 1071 1810 qui
1097 1733 1128 1792 in

126 1833 208 1909 ignes
225 1831 348 1891 Aetnaei
369 1831 476 1891 montis
494 1831 641 1903 desilivit3
663 1837 694 1891 et
708 1832 892 1910 Peregrinus,
906 1833 958 1909 qni
978 1853 1036 1891 non
1057 1832 1128 1891 olim
1143 1849 1172 1898 15

127 1951 158 1989 se
172 1951 243 2008 rogo
256 1930 399 1990 immisit:
422 1951 488 1989 cum
501 1930 625 1991 feminae
640 1951 754 2008 quoque
776 1930 1003 2009 contempserint
1023 1930 1106 2008 ignes
1120 1952 1126 1988 :

126 2028 215 2101 Dido,
230 2049 266 2088 ne
286 2036 353 2107 post
369 2029 466 2088 virum
487 2029 708 2089 dilectissimum
729 2030 839 2088 nubere
859 2034 1031 2108 cogeretur3
1056 2029 1128 2088 item
1180 2013 1225 2098 sl

164 2204 185 2241 1.
203 2193 329 2239 'rimabit
346 2193 477 2252 forsitan,
489 2191 531 2240 dee.
566 2191 687 2255 Compare
698 2190 741 2239 the
753 2190 903 2253 description
917 2190 945 2238 of
958 2191 1002 2239 the
1017 2194 1129 2239 torturas

129 2268 273 2332 undergone
283 2269 319 2332 by
331 2268 375 2317 the
385 2269 503 2318 Gallican
511 2274 622 2333 martyre
633 2270 662 2317 in
671 2268 715 2318 the
726 2268 824 2332 Epistle
835 2284 876 2331 ap.
889 2269 981 2318 Euseb.
997 2287 1019 2318 v.
1034 2282 1055 2318 1.

163 2362 186 2411 9.
205 2349 346 2396 Lucretia.
379 2347 435 2396 Liv.
453 2348 470 2398 i.
488 2349 537 2410 583
564 2348 652 2397 Cicero
675 2348 704 2396 de
725 2364 778 2413 rep.
796 2347 822 2396 ii.
848 2361 886 2412 25.
904 2356 953 2410 47;
979 2348 1042 2397 Aur.
1060 2347 1129 2396 Vict.

130 2426 161 2473 de
171 2426 219 2474 cir.
233 2425 274 2474 ill.
287 2440 318 2489 9;
334 2425 392 2474 Val.
405 2424 476 2475 Max.
488 2426 522 2474 vi.
537 2438 559 2475 1.
573 2439 594 2473 1.

162 2509 203 2551 '11.
221 2506 341 2552 Mucius.
367 2503 423 2552 Liv.
432 2504 459 2551 ii.
474 2516 520 2563 123
537 2503 677 2554 AuaVrct.
692 2517 740 2563 1a;
757 2504 815 2554 Vel.
828 2504 947 2552 Mariti.
960 2517 1017 2566 3.1.
1043 2505 1129 2569 Oomp.

131 2580 203 2646 Apol.
216 2595 248 2644 50
259 2598 265 2640 ;
282 2581 348 2630 Min.
361 2582 434 2630 Felix
446 2595 494 2644 373
511 2583 619 2632 Martial
630 2599 656 2632 1.
670 2597 708 2646 ²5·

166 2673 204 2722 13.
221 2663 393 2710 Heraclitus.
426 2660 508 2710 There
529 2676 572 2710 are
594 2661 666 2710 three
688 2664 806 2710 accounts
829 2661 857 2710 of
876 2660 921 2710 the
940 2661 1017 2710 death
1036 2662 1064 2711 cf
1079 2662 1131 2711 this

131 2738 290 2802 philosopher
302 2737 377 2800 given
387 2739 422 2802 by
433 2739 557 2802 Diogenes
569 2740 686 2789 Laertius
697 2741 724 2788 in
737 2741 777 2789 his
789 2739 841 2797 life,
852 2741 886 2789 ix.
899 2753 921 2802 3,
934 2755 958 2802 4.

168 2830 206 2879 14.
224 2821 419 2874 Empedocles.
464 2817 538 2882 Diog.
562 2818 646 2867 Laert.
669 2818 723 2867 viii.
749 2831 786 2880 7⁰·
828 2818 913 2881 (lomp.
933 2818 1007 2884 Apol.
1029 2832 1076 2882 503
1099 2821 1130 2868 cla

132 2897 210 2945 onim.
224 2908 263 2957 32·

168 2987 206 3036 15.
223 2976 402 3032 Peregrinus.
425 2973 576 3037 Peregrinus
585 2975 692 3024 Proteus
704 2975 787 3024 whose
798 2974 842 3023 life
854 2975 876 3022 is
886 2975 984 3024 related
992 2975 1027 3040 by
1035 2975 1134 3024 Lueian

132 3053 244 3102 doctori.
258 3051 364 3116 Perepr.
398 3052 426 3100 If
440 3053 485 3102 the
501 3053 592 3102 details
609 3069 652 3102 are
669 3059 714 3102 not
730 3053 859 3112 fictitious,
874 3052 907 3102 he
923 3070 975 3104 was
992 3071 1008 3103 a
1019 3055 1133 3104 criminal

133 3129 235 3194 refugae
245 3130 310 3180 from
322 3131 360 3180 his
372 3131 446 3179 home
457 3136 485 3180 at
496 3130 600 3179 Parium
612 3148 645 3180 on
658 3132 701 3180 the
713 3131 871 3195 Henespons
907 3131 941 3180 In
956 3132 1085 3181 Palestine
1100 3133 1133 3184 he

133 3210 235 3258 became
251 3224 267 3257 a
284 3208 421 3271 Christian,
433 3208 484 3258 and
495 3226 547 3258 was
564 3209 716 3274 imprisoned
729 3210 768 3258 for
783 3210 822 3258 his
838 3209 911 3259 faith.
947 3211 1134 3277 Subsequently

134 3288 166 3336 he
176 3287 331 3352 apostatised
341 3289 391 3337 and
402 3289 504 3338 became
519 3305 535 3338 a
546 3288 627 3352 Gynic
639 3288 806 3354 philosopher.
840 3288 968 3338 Banished
979 3289 1043 3338 from
1054 3291 1134 3339 Rome

134 3367 166 3415 he
176 3371 244 3417 went
260 3372 288 3416 to
298 3367 401 3428 Graece,
417 3368 477 3428 and,
488 3372 516 3416 to
531 3367 596 3417 risal
608 3367 652 3416 the
669 3367 745 3416 death
756 3367 785 3416 cf
799 3366 931 3429 Hercules,
946 3368 1025 3418 burnt
1036 3369 1138 3418 himself

135 3445 201 3495 alive
223 3450 251 3494 at
273 3446 317 3494 the
339 3445 456 3510 Olympio
478 3461 569 3510 gamas,
583 3459 608 3494 a.
616 3459 642 3494 1).
668 3443 722 3506 165.
772 3446 900 3513 Ammiau.
924 3446 1006 3495 Marc.
1028 3446 1095 3496 xxix.
1121 3461 1132 3496 1

137 3523 314 3589 ‘[Peregrinus
334 3523 453 3588 Proteus]
473 3523 517 3588 qui
539 3540 597 3573 cum
615 3525 708 3573 mundo
728 3523 826 3587 digredi
848 3523 985 3585 statuisset,
1004 3525 1134 3588 Olympiae

135 3602 319 3666 quinquennali
338 3604 475 3652 certamine
492 3602 539 3652 sub
555 3603 676 3652 Graeciae
694 3608 827 3667 conspeetu
844 3603 923 3652 totius
940 3603 1058 3652 adscenso
1074 3619 1135 3668 rogo

136 3696 212 3744 quem
223 3681 275 3744 ipse
286 3680 435 3741 construxit,
447 3681 555 3731 flaminis
571 3681 718 3744 absumptus
734 3677 789 3731 est.’
822 3681 883 3729 Aul.
895 3679 961 3730 Gall.
976 3682 1038 3746 [viii.
1051 3681 1078 3746 3]
1090 3682 1134 3732 xii.

139 3772 166 3808 11
178 3775 185 3819 ;
202 3758 330 3824 Athenag.
341 3776 386 3824 pro
398 3760 490 3810 Christ.
504 3758 552 3819 265
569 3760 670 3809 Tatian.
687 3759 759 3810 Oroi.
774 3772 812 3822 25.

173 3847 211 3901 17.
228 3841 312 3888 Dido.
346 3838 423 3903 Verg.
435 3839 500 3888 Aen.
512 3839 547 3890 iv.
560 3839 643 3902 5o4ff.
678 3838 763 3901 Comp.
775 3838 848 3902 Apol.
861 3851 909 3901 50;
926 3838 1036 3890 adNot.
1049 3838 1066 3889 i.
1080 3839 1119 3888 18.

626 3940 665 3981 12
