2724 4356
400 852 492 937 AD
546 852 917 938 SCAPULAM

617 1094 694 1121 ..00-

487 1281 622 1342 GAPUT
643 1280 822 1343 PRIMUM.

198 1430 265 1490 Nos
288 1429 408 1508 quidem
432 1451 526 1509 neque
553 1431 780 1511 expavescimus,
804 1452 898 1508 neque
927 1427 1161 1509 pertimescimus
1217 1451 1221 1464 ¹

157 1549 191 1590 ea
205 1549 278 1607 quae
291 1531 327 1588 ab
341 1529 547 1607 ignorantibus
560 1531 699 1609 patimur,
715 1550 781 1591 cum
795 1530 833 1590 ad
847 1530 923 1589 hane
938 1537 1044 1589 sectam
1059 1529 1162 1606 utique

157 1634 291 1707 suscepta
314 1629 481 1689 condicione
504 1629 565 1689 eius
589 1629 669 1708 pacti
691 1629 863 1701 venerimus,
885 1635 921 1688 ut
944 1628 1031 1688 etiam
1053 1628 1163 1687 animas

159 1733 272 1787 nostras
297 1727 442 1788 auctorati
464 1729 497 1786 in
520 1727 573 1787 has
594 1749 709 1807 pugnas
730 1728 907 1802 accedamus,
930 1747 1059 1805 eaquae
1083 1727 1163 1785 Deus

158 1825 339 1903 repromittit
364 1826 503 1903 consequi
531 1831 676 1904 optantes,
701 1832 732 1885 et
760 1846 794 1885 ea
822 1846 896 1903 quae
924 1824 1057 1885 diversae
1084 1824 1191 1889 vitae5

159 1924 353 1985 comminatur
379 1926 443 2003 pati
472 1925 617 1986 timentes.
668 1924 804 2002 Denique
833 1944 896 1984 cum
931 1924 1010 1983 omni
1041 1923 1164 1984 saevitia

159 2029 255 2083 vestra
271 2029 479 2097 concertamus,
494 2025 584 2084 etiam
602 2024 683 2084 ultro
702 2030 896 2102 erumpentes,
912 2023 1064 2100 magisque
1083 2025 1164 2082 dam·

159 2120 223 2181 nati
248 2142 336 2199 quam
361 2122 487 2183 absoluti
511 2124 677 2201 gaudemus.
718 2122 826 2201 Itaque
848 2120 925 2181 hunc
948 2122 1083 2181 libellum
1105 2140 1163 2178 non

160 2220 242 2281 nobis
255 2220 394 2282 timentes
409 2221 549 2295 misimus,
560 2222 611 2281 sed
621 2219 705 2282 vobis
717 2226 748 2282 et
762 2221 897 2280 omnihus
907 2218 1036 2279 inimicis
1046 2219 1164 2289 nostris,

192 2449 244 2494 AD
259 2448 474 2496 schemis.
508 2446 562 2494 The
573 2445 647 2495 MSS.
661 2446 712 2494 and
723 2445 788 2496 Edd.
802 2461 876 2509 agree
891 2446 919 2494 in
931 2444 976 2495 the
987 2442 1055 2494 Title
1071 2444 1098 2493 of
1112 2444 1164 2493 this

160 2523 268 2573 address.
301 2523 390 2587 Rigalt
400 2528 489 2586 quotes
503 2539 538 2572 an
553 2523 701 2589 inscription
717 2525 743 2573 in
758 2524 802 2572 the
817 2523 929 2573 Farnese
943 2523 1028 2586 palaea
1039 2527 1067 2571 at
1081 2522 1162 2571 Rome

161 2602 301 2650 Dnnronrn
312 2613 352 2652 111.
377 2602 418 2652 ln.
428 2603 523 2651 Arrun
533 2603 653 2651 Scirum
661 2603 799 2652 Tnsrnnno
810 2614 842 2650 nv
850 2602 946 2650 Tnvmo
954 2602 1096 2651 omnivm
1105 2601 1165 2650 Cos.

193 2696 219 2744 4.
235 2683 384 2741 auctorati,
397 2678 506 2744 ‘having
515 2681 639 2730 hazarded
651 2697 697 2730 our
708 2697 771 2746 very
777 2679 857 2730 lives!
891 2680 953 2728 Thm
965 2680 1090 2744 deponent
1101 2679 1166 2729 form

162 2759 294 2810 auctorest
309 2759 331 2808 is
347 2758 424 2807 found
435 2759 462 2808 in
472 2759 550 2825 Apul.
563 2761 669 2809 Metam.
680 2759 713 2809 ix„
727 2773 773 2824 193
790 2759 886 2822 Digest.
899 2758 967 2807 xxvi.
980 2759 1003 2807 8.
1015 2773 1039 2821 4,
1051 2756 1129 2806 xxvii.
1140 2756 1164 2808 6.

161 2853 185 2902 9.
209 2837 351 2886 Elsewhere
361 2836 503 2886 Tertullian
514 2853 570 2886 uses
581 2838 625 2886 the
633 2836 724 2898 active,
733 2838 769 2887 ad
777 2842 852 2887 mart.
864 2853 878 2901 5
888 2852 895 2896 ;
910 2839 945 2886 ad
954 2836 1014 2885 Nat.
1024 2836 1041 2884 i.
1055 2837 1092 2884 18.
1112 2836 1166 2884 The

161 2916 292 2980 metaphor
307 2917 329 2964 is
345 2915 423 2966 taken
437 2915 502 2964 from
519 2916 564 2965 the
579 2915 718 2980 gladiators
733 2916 790 2964 who
802 2915 889 2964 ‘hired
906 2915 1060 2964 themselves
1075 2911 1125 2963 out'
1140 2919 1167 2963 to

161 2994 213 3043 risk
225 2994 292 3044 their
302 2993 366 3042 lives
376 2993 404 3041 in
415 2993 460 3043 the
471 2994 559 3042 shows,

194 3071 218 3122 6.
238 3075 375 3132 Denique,
392 3071 591 3135 ‘Accordingly.'
623 3071 705 3120 There
721 3087 763 3120 are
780 3087 858 3136 many
875 3071 1001 3120 instances
1020 3071 1167 3134 sidereique

161 3152 188 3199 in
207 3150 251 3199 the
267 3165 339 3199 sense
357 3147 384 3197 of
401 3148 492 3212 icitur,
510 3149 582 3210 adeo,
600 3164 631 3197 ea
648 3151 817 3212 consequenti,
833 3147 943 3214 proinde
960 3149 987 3196 in
1005 3147 1167 3197 Tertullian's

162 3229 275 3292 writings
282 3245 289 3290 ;
305 3227 385 3277 below
396 3228 436 3278 ch.
450 3241 474 3289 a,
485 3227 566 3292 Apol.
577 3241 625 3290 423
642 3228 673 3276 de
683 3227 751 3290 bapt,
763 3241 811 3287 103
827 3229 939 3290 cepaea.
950 3240 978 3289 3;
990 3227 1082 3290 (ἱεραί.
1094 3241 1121 3289 4;
1137 3227 1167 3276 dc

159 3307 221 3370 pud.
234 3307 251 3355 i.
264 3319 294 3368 13
301 3323 309 3368 3
321 3306 351 3354 de
355 3305 412 3370 sup.
424 3307 453 3354 in
464 3321 532 3371 pere.
543 3319 565 3366 a,
576 3303 592 3353 6
597 3322 604 3362 ;
617 3307 648 3355 de
659 3305 715 3354 eal.
728 3309 786 3356 caat.
800 3319 830 3367 13
835 3321 842 3365 ;
854 3307 912 3356 ade.
922 3305 1004 3354 Marc·
1017 3305 1033 3353 i.
1045 3317 1084 3364 10,
1096 3303 1130 3351 iv.
1143 3316 1167 3365 5,

164 3400 202 3450 25,
217 3387 256 3446 28,
275 3399 315 3450 39,
327 3401 352 3435 v.
364 3399 387 3449 9,
403 3398 440 3441 10,
453 3398 493 3447 15,
507 3394 546 3448 17.
581 3383 632 3432 For
642 3383 749 3433 another
759 3399 820 3449 very
829 3384 946 3447 frequent
958 3398 1002 3432 use
1015 3381 1166 3445 (=exempli

162 3463 254 3528 potia)
268 3479 308 3512 see
318 3468 376 3514 nete
387 3463 417 3512 dc
424 3477 541 3526 praescr.
553 3461 622 3511 laer.
637 3477 659 3510 2.

195 3552 218 3607 7.
232 3547 433 3594 concertamus.
466 3541 521 3590 The
536 3539 704 3603 metaphoris
720 3540 778 3588 that
795 3539 824 3588 of
839 3540 882 3590 the
897 3537 1063 3588 battle-field:
1086 3552 1166 3600 comp.

162 3620 237 3685 Apol.
251 3634 283 3684 50
295 3619 437 3668 ‘Proelium
451 3625 491 3669 est
504 3619 583 3677 nobis,
600 3618 669 3682 quod
684 3634 848 3682 provocamur
862 3617 895 3666 ad
909 3617 1054 3678 tribunalia,
1068 3620 1096 3664 ut
1111 3615 1166 3664 illic

163 3700 209 3749 sub
220 3698 362 3748 discrimine
373 3698 462 3764 capitis
473 3714 519 3762 pro
530 3697 638 3746 veritate
648 3694 789 3747 certemus?

197 3777 220 3827 8.
237 3780 399 3837 gaudemus.
434 3777 519 3841 Gomp.
531 3776 606 3841 Apol.
617 3775 634 3824 i.
646 3772 688 3840 46,
701 3787 740 3838 50.
776 3787 787 3823 1
801 3774 826 3823 S.
839 3774 894 3823 Pet.
906 3773 940 3824 iv.
955 3786 986 3836 14
997 3773 1023 3822 ff.
