2724 4356
217 235 259 298 42
625 219 823 285 Tertulliani
1063 230 1221 298 [cmvru.

217 389 365 464 Quaerite,
378 396 408 450 et
422 389 587 451 invenietis.
620 391 744 466 Quando
758 392 832 452 hanc
842 412 944 452 vocem
955 391 1100 452 Dominus
1114 393 1219 466 emisit,

217 491 410 549 recordemur.
452 490 531 550 Puto
554 491 586 550 in
610 491 752 570 primitiis
776 491 848 570 ipsis
871 491 1019 551 doctrinae
1047 513 1126 567 suae,
1152 513 1220 552 cum

216 589 310 647 adhuc
339 589 526 649 dubitaretur
552 590 631 667 apud
659 611 766 665 omnes,
792 610 829 648 an
858 589 996 650 Christus
1025 595 1120 664 esset;
1153 612 1220 651 cum

216 686 312 746 adhuc
339 708 392 747 nec
420 687 527 748 Petrus
554 688 639 747 illum
667 688 725 748 Dei
752 689 861 748 Filium
882 687 1121 768 pronuntiasset3
1153 711 1220 749 cum

188 805 201 851 5
216 785 306 845 etiam
320 787 443 846 Ioannes
458 787 493 846 de
510 787 562 846 illo
581 794 678 847 certus
691 808 754 847 esse
769 787 899 848 desisset.
944 787 1052 847 Merito
1066 808 1135 866 ergo
1149 794 1221 848 tunc

215 883 328 942 dictum
346 891 401 957 est,
418 885 557 960 Quaerite
571 893 601 945 et
615 885 779 960 invenietis,
795 888 910 965 quando
924 888 1107 965 quaerendus
1124 888 1219 948 adhuc

216 989 280 1042 erat
294 984 344 1061 qui
359 983 455 1042 adhuc
469 983 588 1061 agnitus
602 1004 660 1043 non
675 991 747 1045 erat.

257 1083 298 1141 Et
312 1083 365 1142 hoc
380 1088 523 1160 quantum
538 1083 575 1141 ad
589 1082 722 1146 Iudaeos.
760 1084 809 1143 Ad
823 1084 890 1144 illos
904 1083 982 1144 enim
996 1085 1126 1163 pertinet
1140 1091 1221 1145 totus

216 1199 309 1240 sermo
339 1180 557 1259 suggillationis
586 1183 682 1255 istius,
711 1184 762 1259 qui
789 1183 937 1243 habebant
964 1183 1016 1242 ubi
1044 1189 1221 1261 quaererent

175 1301 203 1334 10
217 1277 376 1340 Christum.
420 1280 550 1353 Habent,¹
565 1281 671 1359 inquit,
688 1282 808 1358 Moysen
828 1289 858 1341 et
873 1281 1002 1354 Heliam,
1016 1283 1048 1341 id
1067 1289 1112 1341 est
1124 1283 1221 1360 legem

217 1382 247 1437 et
260 1380 417 1457 prophetas
432 1379 581 1439 Christum
596 1381 816 1458 praedicantes:
839 1381 999 1440 secundum
1013 1380 1091 1459 quod
1105 1386 1135 1440 et
1149 1380 1220 1439 alibi

216 1485 325 1555 aperte,
350 1479 531 1538 Scrutamini
556 1479 725 1557 scripturas,
748 1479 780 1538 in
805 1479 912 1556 quibus
937 1480 1063 1538 salutem
1087 1479 1220 1557 speratis,

194 1572 284 1635 *illae
312 1577 390 1636 enim
418 1579 453 1638 de
478 1598 525 1638 me
550 1578 719 1657 loquuntur.
776 1578 841 1638 Hoc
865 1578 929 1651 erit,
956 1579 1097 1654 Quaerite
1121 1585 1152 1638 et
1176 1578 1221 1636 in-

216 1675 350 1736 venietis.

173 1789 203 1839 15
258 1775 336 1833 Nam
356 1780 386 1834 et
407 1775 559 1854 sequentia
576 1775 607 1835 in
628 1776 752 1835 Iudaeos
772 1782 935 1854 competere
956 1776 1147 1836 manifestum
1165 1784 1220 1848 est,

216 1873 336 1932 Pulsate
355 1880 386 1933 et
408 1874 557 1952 aperietur
575 1874 665 1936 vobis.
706 1873 811 1933 Iudaei
832 1881 911 1934 retro
931 1895 1020 1952 penes
1040 1875 1137 1934 Deum
1157 1877 1220 1935 fue-

217 1978 293 2045 rant,
317 1973 422 2032 dehinc
445 1973 531 2032 eiecti
553 1974 590 2033 ob
612 1972 727 2044 delicta,
749 1978 833 2033 extra
854 1973 951 2033 Deum
972 1994 1033 2033 esse
1054 1979 1220 2053 coeperunt.

216 2146 275 2196 that
286 2148 313 2196 in
322 2148 395 2215 Apol.
403 2158 446 2213 47,
455 2148 537 2198 where
546 2149 568 2198 it
576 2147 652 2198 reiers
660 2152 688 2198 to
696 2147 752 2197 that
765 2147 866 2197 restless
878 2148 950 2212 spirit
962 2148 990 2197 of
996 2148 1039 2198 the
1050 2148 1221 2213 philosophare

219 2225 300 2276 which
312 2227 460 2276 introduced
473 2227 573 2288 doubts,
584 2225 745 2284 hesitancies,
756 2226 807 2276 and
818 2227 999 2276 uncertainties
1010 2227 1065 2276 into
1077 2243 1152 2292 every
1163 2228 1221 2277 sub-

217 2308 268 2371 ject
285 2305 348 2354 with
365 2306 447 2355 which
464 2305 526 2370 they
541 2305 679 2355 concerned
695 2304 855 2354 themselves.
889 2305 943 2354 The
960 2321 1029 2355 same
1046 2305 1119 2355 habit
1135 2306 1163 2355 of
1177 2306 1222 2355 the

217 2384 326 2433 heretica
338 2385 359 2433 is
371 2384 501 2434 described
512 2385 546 2450 by
559 2384 601 2433 the
613 2400 681 2432 same
693 2384 760 2433 word
771 2383 850 2432 below
861 2384 888 2432 iu
899 2384 939 2432 ch.
955 2393 993 2447 27.

285 2456 491 2520 scriptumest.
525 2463 550 2513 S.
562 2461 641 2511 Matt.
653 2461 696 2511 vii.
709 2472 723 2526 7
735 2478 742 2522 ;
759 2462 783 2511 S.
793 2461 868 2510 Lake
878 2461 913 2510 xi.
926 2475 950 2525 9,

252 2557 275 2591 2.
292 2545 437 2602 primitiis,
450 2541 489 2591 lit.
503 2540 656 2590 ‘first-fruita
665 2538 689 2602 '3
706 2541 753 2589 but
773 2539 875 2589 here=‘
884 2537 1032 2604 principiis,’
1053 2556 1080 2589 as
1099 2540 1125 2589 in
1140 2541 1220 2606 Apul.

135 2606 138 2612 ¹
218 2622 422 2680 Metom.x.1r;
440 2620 528 2682 xi.a3.

250 2715 274 2762 4.
294 2702 405 2748 Petmrs.
438 2698 463 2746 S.
477 2697 555 2746 Matt.
567 2697 618 2746 xvi.
635 2694 672 2746 16.

252 2792 274 2840 5.
294 2780 425 2826 Ioannes.
443 2776 467 2824 S.
474 2775 624 2836 Matt.xi.2;
638 2775 741 2825 S.Luke
750 2773 795 2823 xii.
807 2773 837 2822 18
846 2773 879 2824 f.:
892 2791 971 2839 comp.
977 2775 1125 2826 aduMarc.
1132 2775 1203 2825 iv.18
1215 2791 1221 2833 ;

217 2857 250 2906 da
258 2857 328 2920 bapt.
339 2868 369 2902 10
378 2875 384 2906 ε
403 2854 453 2903 and
462 2854 500 2903 ior
507 2854 579 2903 other
589 2853 704 2918 patristic
712 2853 919 2916 interpretatione
930 2853 958 2903 ot
967 2854 992 2902 S.
1002 2855 1020 2904 J
1022 2853 1093 2903 ohn's
1104 2855 1221 2918 question

218 2949 259 2984 see
271 2934 340 2997 Orig.
352 2933 427 2982 Hom.
442 2943 471 2997 27
484 2934 514 2981 in
525 2933 596 2992 Luc„
609 2932 776 2995 chrysostom,
789 2931 890 2995 Hilary,
905 2930 1059 2996 Augustino,
1072 2934 1090 2983 J
1093 2949 1176 2981 erome
1193 2935 1221 2982 ia

218 3013 300 3062 Mart.
314 3011 331 3060 l.
339 3027 378 3072 c.;
396 3012 445 3060 and
457 3010 573 3059 Ambros.
585 3010 617 3059 dc
623 3011 671 3076 fid.
683 3009 717 3060 iv.
733 3024 754 3060 1.
765 3024 797 3072 4;
815 3009 886 3060 these
904 3026 1021 3074 passages
1040 3028 1082 3060 are
1102 3011 1222 3060 collected

218 3091 246 3140 in
257 3090 328 3140 hebr.
339 3091 413 3141 Fata.
426 3091 458 3139 ad
469 3090 518 3140 loc.

252 3189 275 3239 9.
292 3175 511 3234 suggillationis,
523 3172 561 3221 lit.
574 3175 582 3200 ‘
589 3189 605 3222 2
615 3172 691 3222 black
702 3171 753 3221 aud
770 3171 828 3220 blus
840 3169 954 3232 brnise’3
970 3171 1048 3221 hence
1060 3173 1068 3198 ‘
1078 3188 1112 3220 an
1123 3169 1220 3232 insult,'

220 3250 325 3308 ‘taust’
340 3255 347 3279 ‘
354 3251 490 3314 reproach,'
502 3267 530 3299 or
541 3266 569 3299 22
580 3250 639 3299 12222
653 3255 739 3300 ‘mern
754 3247 945 3299 admonition’:
973 3265 1015 3300 see
1025 3249 1106 3314 Apol.
1121 3263 1148 3297 11
1161 3265 1167 3308 ;
1191 3251 1222 3299 de

219 3329 362 3383 22220122,
382 3343 431 3393 ²43
448 3330 479 3378 dc
494 3345 541 3379 raa.
562 3327 693 3389 corn.16;
716 3328 767 3377 and
785 3328 822 3376 ior
841 3327 886 3377 the
906 3328 967 3376 verb
980 3331 987 3354 ‘
998 3327 1148 3392 suggillare'
1159 3343 1187 3376 as
1206 3345 1222 3376 a

219 3414 306 3474 strong
318 3408 457 3457 substitute
473 3408 512 3456 ior
523 3408 644 3469 ‘notare,'
658 3410 700 3456 ‘to
714 3406 796 3455 brand
815 3407 879 3455 with
898 3405 1018 3463 censurs,’
1032 3404 1168 3467 ‘ridicule,'
1181 3422 1223 3455 see

218 3489 307 3546 below,
319 3487 370 3536 chs.
385 3499 422 3547 23,
434 3499 480 3549 333
496 3486 574 3551 Apol.
582 3500 606 3549 4,
616 3499 647 3549 59
659 3501 665 3545 ;
683 3486 740 3535 cde.
750 3485 808 3535 Vel.
820 3483 851 3541 6;
868 3486 925 3535 ode.
939 3485 1023 3534 Marc.
1035 3484 1070 3534 iv.
1083 3497 1123 3548 34.

254 3581 292 3618 ιο.
311 3570 431 3625 Moysen
442 3569 471 3614 et
482 3567 603 3614 Heliam.
637 3563 663 3613 S.
677 3564 750 3613 Luke
761 3563 813 3612 xvi.
825 3577 863 3628 ²9·
896 3564 939 3613 Au
952 3564 1066 3613 instance
1077 3562 1105 3612 oi
1113 3563 1220 3613 carelass

219 3645 359 3711 quotation.
393 3643 443 3693 For
454 3642 498 3693 the
509 3642 573 3702 idea,
587 3657 666 3707 comp.
680 3643 737 3692 ado.
751 3642 833 3691 More.
840 3643 874 3690 iv.
886 3656 925 3705 34.

254 3739 292 3774 22.
312 3725 492 3773 Scrutamini.
529 3721 555 3770 S.
567 3720 637 3771 John
649 3737 673 3772 v.
686 3734 726 3784 39.
926 3778 929 3785 ,

255 3802 293 3854 16.
311 3805 428 3853 Pulsate
440 3807 469 3852 et
479 3803 623 3860 coenetur
633 3802 725 3850 vobis.
753 3799 779 3850 S.
793 3799 870 3848 Matt.
883 3797 926 3850 vii.
942 3812 963 3863 7.
