2724 4356
204 269 245 333 80
613 265 812 337 Tertulliani
1016 275 1206 342 [cmxxxii.

202 460 318 519 quoque
338 439 466 501 voluerit
486 440 636 513 aemulari,
651 448 686 501 ut
706 441 742 501 de
762 439 905 500 doctrinis
926 451 1112 514 venenorum,
1127 441 1207 520 quod

202 538 346 599 Dominus
360 540 490 618 negavit,
504 539 567 618 ipse
581 541 692 599 taceret
706 539 864 617 discipulos
878 560 966 618 super
979 539 1162 618 magistrum.

242 637 365 717 Eligant
399 638 493 716 igitur
530 638 586 698 sibi
615 643 747 716 tempora
777 638 932 698 universae
962 637 1104 709 haereses,
1129 658 1205 716 quae

200 737 318 813 quando
345 737 465 810 fuerint,
490 737 644 796 dummodo
671 737 792 798 intersit
820 757 894 815 quae
922 737 1046 814 quand0,
1069 737 1139 796 dum
1167 738 1205 798 de

173 835 327 904 5veritate
344 857 403 896 non
419 835 479 896 sint
497 841 528 895 et
545 835 648 913 utique
666 856 741 913 quae
762 835 817 895 suh
833 835 975 913 apostolis
995 856 1054 894 non
1074 837 1204 910 fuerunt,

200 934 291 994 tuisse
306 956 365 994 non
378 933 499 1013 possint.
541 933 574 994 si
588 941 687 994 autem
697 933 830 1007 frnssent,
842 934 1063 995 nominarentur
1073 941 1103 996 et
1114 936 1203 1013 ipsae,

200 1041 235 1093 ut
253 1041 283 1094 et
298 1033 380 1112 ipsae
397 1033 571 1094 coercendae
588 1040 692 1093 essent.
735 1033 817 1109 Quae
832 1055 900 1094 vero
918 1034 972 1094 suh
988 1034 1127 1112 apostolis
1144 1056 1205 1094 non

200 1131 328 1206 fuerunt,
344 1133 375 1192 in
395 1154 448 1193 sua
465 1133 663 1192 nominatione
682 1134 869 1193 damnantur.
911 1133 979 1194 Sive
996 1155 1066 1211 ergo
1085 1134 1204 1195 eaedem

200 1251 278 1292 nunc
300 1239 369 1292 sunt
391 1231 541 1310 aliquanto
562 1232 758 1309 expolitiores,
774 1253 847 1311 quae
869 1233 923 1292 sub
943 1233 1084 1310 apostolis
1105 1233 1203 1306 rudes,

158 1349 187 1387 ιο
199 1328 309 1389 habent
323 1351 405 1390 suam
419 1329 524 1390 exinde
534 1330 767 1390 damnationem:
791 1331 852 1390 sive
862 1331 935 1390 aliae
945 1331 1063 1409 quidem
1073 1331 1203 1404 fuerunt,

199 1428 274 1489 aliae
288 1435 387 1488 autem
407 1435 508 1506 postea
527 1430 655 1502 obortae,
670 1429 809 1507 quasdam
824 1450 860 1488 ex
880 1429 938 1488 illis
953 1429 1103 1508 opiniones
1117 1450 1219 1509 usur·¹

199 1533 353 1606 paverunt,
367 1528 499 1587 hahendo
510 1548 576 1587 cum
588 1526 630 1588 eis
641 1528 819 1588 consortium
830 1527 1064 1605 praedicationis,
1075 1527 1205 1588 habeant

199 1645 314 1685 necesse
334 1630 379 1685 est
400 1625 489 1685 etiam
510 1625 691 1684 consortium
710 1624 920 1698 damnationis;
941 1627 1135 1703 praecedente
1150 1627 1204 1688 illo

199 1722 257 1783 fine
282 1722 450 1802 supradicto
472 1723 661 1800 posteritatis,
685 1744 743 1801 qno
767 1722 824 1782 etsi
846 1722 922 1782 nihil
951 1723 987 1782 de
1016 1723 1204 1784 damnaticiis

158 1820 418 1900 15partieiparent‚
437 1821 474 1881 de
496 1827 592 1882 aetate
616 1822 679 1882 sola
700 1821 985 1899 praeiudicarentur;
1006 1827 1090 1881 tanto
1110 1823 1204 1901 magis

199 1920 358 1994 adulterae,
370 1926 481 2000 quanto
495 1941 548 1980 nec
562 1921 600 1980 ab
614 1919 752 1998 apostolis
766 1921 940 1980 nominatae.
983 1920 1071 1981 Unde
1085 1921 1202 1984 firmius

199 2025 322 2094 constat,
336 2019 389 2079 has
402 2039 473 2094 esse,
490 2040 563 2098 quae
576 2019 671 2080 adhue
685 2027 755 2080 tune
769 2020 984 2079 nuntiabantur
997 2020 1123 2080 futurae.

561 2216 697 2277 CAPUT
718 2217 839 2277 XXXV.

240 2367 302 2428 Hrs
321 2367 540 2428 definitionibus
554 2374 758 2448 provocataea
774 2367 858 2427 nobis
875 2372 905 2427 et
924 2368 1051 2430 revictae
1069 2369 1202 2430 haereses

199 2487 305 2540 omnes,
320 2467 381 2527 sive
396 2488 471 2545 quae
487 2472 629 2546 posterae,
645 2465 706 2526 sive
720 2486 795 2544 quae
809 2472 980 2527 coaetaneae
993 2467 1201 2546 apostolorum,

233 2668 255 2704 1.
272 2657 425 2705 aemulari:
444 2670 485 2704 see
495 2658 563 2715 note,
575 2653 651 2719 Apol.
666 2667 687 2703 a.
713 2651 867 2702 ‘Aemulus'
883 2654 934 2704 and
949 2655 983 2705 its
999 2654 1108 2704 kindred
1118 2656 1201 2705 words

198 2748 242 2782 are
253 2734 397 2797 constantly
409 2733 470 2782 used
481 2733 515 2797 by
526 2731 667 2781 Tertullian
677 2732 714 2780 tor
724 2735 730 2759 ‘
740 2732 872 2793 inimicus,’
884 2732 934 2793 ho,
946 2750 966 2783 e.
976 2750 999 2798 g.
1011 2734 1100 2795 below,
1110 2734 1149 2783 ch.
1159 2750 1201 2798 40.

199 2812 353 2860 ‘Aemulus’
366 2810 387 2860 is
399 2811 535 2874 uniformly
546 2811 607 2860 used
618 2810 646 2858 oi
655 2810 698 2859 the
710 2810 786 2870 davil,
798 2812 827 2860 cle
839 2814 913 2876 spect.
926 2814 951 2862 8.

231 2904 258 2952 4.
275 2894 429 2939 dummodo
445 2892 568 2940 intersit.
601 2889 646 2937 An
661 2889 765 2937 ironieal
777 2889 939 2953 parenthesis,
951 2906 1020 2939 more
1032 2891 1201 2955 Tertulliani,

198 2967 243 3017 the
261 2967 508 3032 misunderstanding
526 2967 554 3016 oi
569 2966 652 3016 which
668 2967 714 3017 has
731 2967 775 3016 led
796 2972 824 3017 to
844 2984 920 3032 many
939 2969 1087 3019 alterations
1109 2970 1138 3020 of
1156 2970 1201 3020 the

198 3061 309 3111 passage.
342 3046 396 3096 The
407 3050 463 3095 text
475 3045 571 3095 follows
582 3045 661 3109 Apol.
672 3045 834 3109 throughout,
846 3047 909 3095 with
921 3047 964 3097 the
976 3047 1108 3112 exception
1117 3048 1148 3098 of
1155 3048 1200 3099 the

197 3124 320 3174 insertion
336 3124 365 3173 oi
379 3122 475 3189 ‘quae'
492 3124 557 3173 after
573 3121 692 3188 ‘utique'
728 3123 818 3173 Oebler
835 3125 1001 3188 prints‘dum
1017 3142 1069 3175 non
1082 3123 1199 3189 intersis:

197 3202 280 3253 which
291 3204 313 3252 ia
324 3218 453 3252 nonsenss.
487 3202 573 3252 Roulb
584 3202 743 3266 conjectured
756 3205 829 3251 ‘oum
840 3206 890 3252 non
900 3201 1017 3252 intersit?

231 3295 255 3345 5.
274 3286 303 3331 et
325 3285 432 3342 utique,
452 3281 495 3331 ho.
538 3280 728 3344 Leid.,1lhea.,
754 3279 842 3346 Gany,
869 3282 934 3337 Get.
957 3283 1033 3332 Pam.
1057 3283 1120 3332 omit
1140 3281 1199 3332 ‘et'

197 3359 282 3410 before
294 3357 416 3424 ‘utique’
428 3359 479 3409 and
492 3358 553 3408 read
564 3357 697 3423 ‘possunt'
714 3358 752 3407 for
770 3357 896 3422 ‘possint'
931 3359 990 3424 Εἰς.
1009 3359 1138 3426 following
1154 3362 1200 3411 the

197 3438 341 3502 conjecture
351 3438 379 3487 of
387 3439 465 3488 Falsa
483 3439 568 3488 Uesta.
584 3438 682 3488 altered
699 3437 750 3487 and
764 3444 846 3488 reoart
861 3438 905 3487 the
916 3441 1014 3488 text—‘
1024 3439 1122 3504 Utique
1133 3456 1200 3504 quae

196 3517 230 3567 ab
241 3516 361 3581 apostolis
372 3517 517 3566 nominatae
528 3533 579 3566 non
589 3517 700 3579 fuerunt,
714 3516 760 3566 snb
772 3516 889 3581 apostolis
900 3517 977 3566 tuisse
987 3534 1039 3567 non
1051 3517 1170 3582 possunt?

232 3606 255 3661 7.
273 3599 352 3654 Quae
362 3600 414 3646 sub
425 3599 561 3654 apostolis
573 3611 632 3644 non
640 3598 764 3645 fuerunt.
788 3595 842 3644 The
851 3595 958 3645 heresias
967 3596 1111 3646 mentioned
1119 3597 1199 3648 above

197 3674 226 3724 of
234 3674 358 3731 Marcion,
369 3675 531 3736 Valentinus,
543 3673 594 3723 and
605 3673 717 3738 Apelles.

233 3765 270 3815 14.
288 3769 345 3812 quo
364 3757 427 3803 etsi.
460 3752 545 3814 Lecti,
562 3753 653 3814 esea,
672 3752 761 3818 Gany„
781 3751 842 3815 ael,
861 3753 945 3816 Pam,
965 3753 1042 3819 aaa
1060 3754 1128 3819 quod
1148 3754 1199 3804 etsi

197 3830 280 3896 decb,
298 3831 368 3881 Oetl.
