2724 4356
159 279 219 326 cir.
236 271 339 337 xiiia]
370 263 409 327 de
430 264 694 346 Praescrzptione
715 263 970 328 Haereticorum.
1119 282 1159 348 97

157 440 309 514 praeterea
330 435 424 494 multa
444 435 480 494 de
501 435 677 495 auctoritate
699 435 837 512 cuiusque
859 435 985 495 doctoris
1000 433 1159 507 haeretici,

157 535 225 592 illos
253 535 378 594 maxime
407 534 555 593 doctrinae
584 554 653 593 suae
682 534 769 593 fidem
804 535 999 606 confirmasse,
1030 540 1160 593 mortuos

159 634 321 705 suscitasse,
337 633 448 693 debiles
469 634 648 704 reformasse,
669 633 770 692 futura
790 633 975 711 significasse,
989 635 1035 692 uti
1056 633 1161 692 merito

158 732 282 810 apostoli
303 732 498 791 crederentur.
542 731 633 806 Quasi
653 752 705 790 nec
726 732 780 791 hcc
801 733 942 810 scriptum
957 733 1006 806 sit,
1021 736 1161 791 venturos

158 832 275 902 multos,
298 830 350 907 qui
372 830 462 889 etiam
484 830 612 889 virtutes
636 831 775 890 maximas
797 831 924 904 ederent,
949 831 987 890 ad
1015 829 1188 893 fallaciam5

158 930 343 988 muniendam
360 934 513 1007 corruptae
528 929 760 1006 praedicationis.

199 1028 304 1106 Itaque
327 1028 442 1087 veniam
470 1027 665 1087 merebuntur.
717 1028 750 1088 Si
774 1049 844 1087 vero
872 1019 1010 1088 memores
1036 1031 1160 1089 domini-

158 1147 256 1186 carum
271 1132 302 1186 et
320 1126 544 1205 apostolicarum
565 1133 596 1185 et
617 1127 830 1204 scripturarum
850 1127 1107 1187 denuntiationum
1129 1130 1161 1187 in

158 1225 215 1284 fide
229 1225 345 1302 integra
359 1225 503 1298 steterint,
513 1225 608 1300 credo,
625 1225 660 1284 de
675 1226 759 1284 venia
773 1225 1030 1303 periclitabuntur,
1042 1248 1160 1305 respon-

159 1325 245 1384 dente
274 1314 416 1382 Domino:
452 1324 730 1383 Praenuntiaveram
764 1325 850 1402 plane
884 1326 1001 1384 futuros
1029 1326 1161 1386 fallaciae
1177 1345 1207 1378 ¹0

159 1423 313 1498 magistros
337 1423 369 1480 in
391 1443 455 1482 meo
477 1422 602 1492 nomine,
628 1427 658 1482 et
678 1423 889 1502 prophetarum
910 1429 940 1482 et
961 1425 1160 1500 apostolorum

158 1521 253 1594 etiam,
270 1527 300 1583 et
321 1521 501 1581 discentibus
523 1523 595 1580 meis
615 1521 716 1580 eadem
733 1523 770 1580 ad
784 1542 835 1580 vos
849 1521 1019 1599 praedicare
1040 1523 1160 1582 manda-

158 1641 276 1690 veram;
300 1620 412 1680 scilicet
432 1642 498 1679 cum
513 1641 563 1679 vcs
577 1641 635 1678 non
650 1619 813 1679 crederetis.
856 1619 952 1680 Semel
974 1622 1159 1698 evangelium

158 1725 189 1779 et
209 1719 338 1778 eiusdem
358 1720 476 1795 regulae
497 1719 661 1778 doctrinam
684 1718 825 1796 apostolis
846 1718 918 1778 meis
939 1719 1141 1797 delegaveram
1151 1741 1159 1794 ;

157 1818 246 1877 libuit
274 1818 347 1876 mihi
374 1824 477 1896 postea
505 1818 603 1895 aliqua
630 1818 697 1876 inde
725 1823 847 1877 mutare.
904 1818 1159 1878 Resurrectionem
1177 1843 1204 1894 ¹5

158 1917 355 1994 promiseram,
378 1918 466 1977 etiam
489 1917 602 1990 carnis3
633 1917 684 1975 sed
706 1915 875 1993 recogitavi,
898 1936 935 1974 ne
959 1916 1080 1994 implere
1101 1937 1159 1975 non

158 2036 280 2094 possem.
332 2017 444 2078 Natum
469 2037 515 2074 me
542 2016 724 2074 ostenderam
752 2035 789 2074 ex
813 2014 943 2090 virgine;
981 2016 1032 2073 sed
1058 2021 1160 2093 postea

157 2121 243 2193 turpe
259 2114 330 2173 mihi
345 2115 440 2173 visum
455 2120 507 2174 est.
551 2116 668 2173 Patrem
682 2113 815 2172 dixeram
829 2114 880 2191 qui
895 2113 984 2172 solem
998 2119 1028 2173 et
1042 2114 1158 2191 pluvias

157 2215 244 2285 facit;
276 2214 327 2272 sed
347 2213 423 2273 alius
445 2234 490 2272 me
513 2219 597 2291 pater
618 2211 721 2270 melior
743 2211 906 2289 adoptavit.
950 2212 1158 2271 Prohibueram

157 2333 209 2372 vos
230 2333 331 2371 aurem
352 2313 566 2372 accommodare
585 2310 760 2382 haereticis;
789 2311 841 2370 sed
861 2311 966 2369 erravi.
1174 2337 1205 2371 20

199 2411 281 2471 Talia
305 2412 383 2490 capit
404 2409 518 2489 opinari
539 2431 588 2470 eos
610 2409 660 2488 qui
681 2408 849 2469 exorbitant
874 2415 904 2467 et
928 2408 997 2468 fidei
1025 2409 1158 2469 veritatis

158 2511 322 2588 periculum
342 2531 401 2569 ncn
422 2515 535 2570 cavent.

194 2682 215 2717 a.
233 2673 359 2718 mortuos
375 2671 533 2728 suscitasse,
552 2670 598 2716 &a
632 2665 752 2715 Miracles
771 2664 800 2713 cf
817 2665 898 2714 deceit
914 2664 1030 2730 wrought
1048 2665 1082 2729 by
1096 2666 1160 2715 false

159 2745 255 2795 Christe
266 2745 317 2793 and
328 2745 389 2794 false
401 2745 525 2809 propheta,
537 2745 562 2794 S.
575 2745 653 2794 Matt.
664 2743 731 2792 xxiv.
745 2759 783 2808 ²4·

191 2839 214 2886 4.
233 2826 322 2880 Quasi
333 2838 385 2872 nec
395 2860 401 2872 .
411 2859 417 2870 .
428 2859 434 2871 .
445 2859 451 2871 .
463 2825 690 2880 praedicationis.
725 2821 786 2871 This
792 2821 814 2869 is
822 2819 1015 2885 parenthetical:
1034 2821 1078 2870 the
1086 2820 1159 2887 irony

158 2903 180 2951 is
190 2901 303 2950 resumed
316 2901 378 2949 with
390 2901 498 2965 ‘Itaque
509 2889 625 2961 veniam,’
638 2901 689 2949 and
699 2899 833 2949 continued
844 2899 918 2948 down
928 2904 956 2949 to
967 2899 1027 2948 ‘aed
1038 2897 1137 2949 erravi!

224 2983 361 3037 scriptum
373 2982 419 3030 sit.
454 2980 479 3030 S.
492 2979 572 3028 Matt.
584 2979 652 3028 xxiv.
667 2993 706 3039 ²4·

193 3071 216 3120 5.
233 3060 363 3106 virtutes.
397 3058 443 3106 See
454 3062 521 3117 note,
532 3056 570 3106 ch.
585 3070 623 3118 13.

193 3149 231 3196 13.
250 3137 357 3185 scilicet
369 3150 432 3183 cum
444 3151 495 3184 vos
507 3151 565 3184 non
577 3137 738 3193 crederetis,
751 3133 829 3182 ‘with
840 3133 883 3182 the
896 3132 953 3181 idea
963 3132 992 3180 of
1005 3149 1090 3182 course
1102 3134 1159 3182 that

73 3235 75 3240 ¹
157 3229 208 3277 you
225 3212 308 3261 would
324 3218 369 3261 not
385 3212 482 3262 believe
500 3210 537 3262 ia'
571 3212 620 3261 Sed
637 3227 681 3260 vos
696 3228 747 3260 non
763 3211 897 3260 crederetis
914 3211 936 3259 is
953 3210 996 3260 tha
1014 3211 1118 3273 reading
1134 3211 1163 3260 oi

158 3290 231 3339 Laid.
267 3289 354 3347 liban..
371 3291 460 3353 Gany„
475 3291 531 3339 Gal.
547 3291 625 3339 insert
640 3305 697 3337 cum
713 3288 797 3338 before
812 3303 863 3338 vos.
897 3288 999 3338 Scilicet
1013 3289 1035 3337 is
1052 3287 1159 3338 Oehler'a

157 3369 295 3418 correction
305 3368 343 3417 ior
354 3369 411 3420 Sed.

194 3445 230 3496 16.
251 3451 301 3496 aad
321 3450 485 3505 recogitavi.
518 3446 573 3495 The
595 3446 699 3495 Gnostie
722 3449 807 3494 tenete
829 3461 872 3494 are
893 3446 967 3510 again
989 3444 1109 3508 specially
1131 3444 1158 3492 in

159 3524 321 3575 Tertullian’s
332 3525 417 3585 mind;
434 3541 475 3574 see
485 3525 524 3576 ch.
536 3538 577 3587 33,
590 3523 628 3588 36,
642 3525 692 3575 and
703 3529 781 3573 notes.

194 3617 231 3667 19.
250 3606 323 3653 alius
341 3609 421 3662 pater
443 3607 550 3653 melior.
584 3602 638 3651 The
658 3602 747 3666 higher
766 3601 816 3665 god
836 3600 864 3649 cf
884 3601 1007 3662 Marcion,
1026 3598 1083 3648 who
1102 3604 1160 3648 sent

158 3680 244 3730 Christ
262 3686 289 3730 to
308 3682 393 3730 reveal
408 3682 462 3730 him
478 3683 531 3744 (see
547 3682 634 3731 above.
655 3682 694 3734 ch.
713 3691 735 3745 7,
756 3679 798 3743 34)
808 3696 815 3739 ;
840 3696 868 3728 cr
885 3680 928 3729 the
947 3684 1072 3728 ‘summus
1088 3677 1159 3726 Deus

159 3759 259 3807 nornine
269 3759 398 3808 Abraxas'
411 3760 439 3808 ol
446 3760 568 3810 Basilides
581 3760 633 3826 (see
644 3760 765 3808 Pa-Terc.
778 3759 834 3807 odo.
846 3759 916 3808 haer.
929 3759 963 3819 1).

193 3851 232 3888 21.
248 3841 325 3896 capit
343 3840 593 3902 opinari,=⁴pctest
609 3838 663 3887 lieri
681 3843 710 3887 ut
730 3837 793 3886 talia
811 3833 961 3900 opinentur!
995 3832 1078 3898 capa
1096 3832 1160 3882 with

648 3940 672 3980 11
