2724 4356
141 265 202 314 cn.
220 260 266 326 11.]
381 250 554 316 Adversas
578 250 697 316 Omnes
718 251 887 318 Haereses.
1078 262 1139 331 155

139 421 219 480 illam
246 421 396 495 virtutem,
426 442 501 499 quac
528 443 618 500 super
650 443 748 483 omnes
775 423 903 484 virtutes
938 428 1022 495 esset,
1051 443 1140 499 quam

139 526 262 580 matram
276 521 478 599 pronuntiant,
492 522 562 581 dum
572 522 650 584 Abel
664 522 852 583 interfectum
864 523 1003 595 dicerent,
1012 521 1139 582 voluisse

140 619 251 697 concipi
279 624 309 679 et
335 619 416 680 nasci
443 619 520 680 hunc
549 621 623 682 Seth
649 621 711 681 loco
734 621 846 694 Abelis,
870 626 905 681 ut
930 630 1140 682 evacuarentur

139 717 236 795 angeli
249 717 302 791 illi,
318 717 369 795 qui
388 717 460 778 duos
481 719 590 796 priores
610 719 679 779 illos
699 720 830 780 homines
849 720 1055 791 condidissent,
1069 720 1140 779 dum

138 816 192 875 hoc
207 837 303 876 semen
322 817 465 876 mundum
485 817 582 877 oritur
601 823 632 878 et
651 819 790 879 nascitur.
831 819 1043 878 Permixtiones
1061 817 1167 886 enim5

138 915 239 975 dicunt
265 916 435 993 angelorum
463 923 493 976 et
520 916 672 977 hominum
700 917 816 996 iniquas
843 918 948 979 fnisse:
985 919 1023 977 ob
1050 937 1141 995 quam

139 1034 271 1073 caussam
291 1014 372 1072 illam
393 1013 544 1086 virtutem,
569 1037 665 1094 quam,
687 1016 763 1075 sicut
784 1016 920 1089 diximus,
945 1016 1140 1094 pronuntiant

138 1118 270 1185 matrem,
294 1114 332 1171 ad
353 1112 516 1173 vindictam
544 1115 633 1174 etiam
656 1114 863 1192 cataclysmum
885 1114 1032 1188 inducere,
1053 1120 1088 1173 ut
1109 1121 1139 1173 ct

138 1209 214 1269 illud
237 1211 442 1288 permixtionis
467 1232 565 1272 semen
592 1213 755 1285 tolleretur,
778 1220 809 1273 et
836 1215 891 1274 hoc
912 1214 1005 1274 solum
1031 1233 1139 1284 semen,

138 1309 217 1388 quod
236 1316 312 1370 esset
333 1331 449 1388 purum,
469 1310 617 1388 integrum
638 1313 843 1372 custodiretur.
885 1312 943 1372 Sed
965 1311 1042 1371 enim
1063 1311 1139 1383 illos,
1155 1332 1187 1367 10

138 1409 190 1486 qui
210 1408 328 1469 seminis
348 1410 414 1469 illos
434 1410 540 1488 prioris
560 1410 765 1484 instituissent,
781 1413 893 1472 occulte
911 1418 941 1471 et
961 1412 1095 1484 latenter,
1111 1417 1142 1470 et

138 1508 293 1587 ignorante
320 1508 373 1568 illa
400 1515 495 1568 matre
518 1509 638 1582 virtute,
664 1531 731 1569 cum
759 1511 819 1570 illis
843 1518 908 1569 octo
932 1511 1085 1570 animabus
1109 1510 1140 1568 in

137 1627 233 1666 arcam
254 1605 375 1680 misisse,
391 1607 479 1667 ctiam
500 1627 598 1667 semen
619 1608 719 1681 Oham,
736 1630 795 1687 quo
816 1630 914 1669 semen
934 1609 1064 1668 malitiae
1080 1629 1140 1667 non

137 1706 255 1783 periret,
275 1706 328 1767 sed
348 1727 415 1766 cum
436 1706 541 1766 ceteris
561 1713 764 1766 conservatum
788 1713 819 1766 et
841 1712 907 1786 post
935 1707 1140 1784 cataclysmum

138 1805 226 1864 terris
253 1805 402 1865 redditum
429 1807 562 1883 exemplo
591 1815 754 1867 ceterorum
783 1812 963 1867 excresceret
990 1812 1021 1866 et
1048 1806 1140 1865 effun-
1156 1825 1185 1874 15

139 1903 258 1963 deretur
288 1908 318 1963 et
346 1909 443 1964 totum
471 1906 571 1965 orbem
599 1911 630 1965 et
657 1906 794 1983 impleret
821 1911 852 1964 et
880 1912 1042 1982 occuparet.
1094 1905 1140 1964 De

140 2002 258 2062 Christo
287 2010 385 2063 autem
413 1992 455 2063 sic
483 2005 623 2077 sentiunt,
647 2010 683 2064 ut
707 2005 807 2065 dicant
827 2005 914 2063 illum
937 2004 1141 2064 tantummodo

140 2101 212 2163 Seth
226 2107 256 2162 et
269 2123 322 2180 pro
335 2101 399 2181 ipso
414 2102 486 2163 Seth
500 2103 597 2180 ipsum
610 2103 708 2163 fuisse.

534 2323 671 2384 CAPUT
692 2322 754 2384 ΠΙ.

180 2454 403 2514 Osarooasras
425 2463 576 2534 praeterea
597 2457 672 2517 hanc
695 2457 770 2516 tulit
794 2462 911 2517 sectam.
953 2456 1051 2516 Unam
1080 2476 1141 2516 csse

173 2655 195 2691 a.
213 2644 348 2692 dicerent.
381 2643 469 2693 Routh
480 2645 580 2710 acutely
591 2644 724 2710 suggested
733 2641 867 2694 ‘disceret'
879 2643 986 2708 quoting
994 2642 1087 2707 Epiph.
1097 2643 1113 2693 l.
1119 2658 1141 2692 c.

139 2720 232 2784 γνοῦσα
244 2719 282 2770 ὅτι
295 2719 442 2770 ἀπίκωνται
450 2720 541 2782 Ἅβελ,
554 2725 598 2773 &a

170 2813 193 2862 3.
212 2806 431 2850 evacuarentur:
456 2801 529 2850 ‘Hoc
546 2806 584 2850 est
599 2801 696 2851 viribus
713 2801 873 2864 privarentur
889 2800 930 2848 vel
947 2801 1140 2864 superarentur'

140 2877 245 2941 (Gelil).
279 2877 416 2928 aneaare
432 2879 454 2927 is
470 2878 548 2928 found
563 2880 590 2928 in
607 2881 748 2929 Tertullian
763 2879 792 2927 in
808 2879 852 2928 the
869 2894 940 2927 sense
956 2878 984 2927 of
1000 2879 1142 2944 infirmare,

139 2954 345 3020 choleradepat.
362 2970 407 3017 123
426 2957 561 3023 demoaoy.
580 2968 664 3022 7,13;
682 2959 769 3008 daras.
782 2973 853 3007 cara.
872 2971 911 3020 24,
928 2957 1140 3019 513adv.Marc.

138 3050 163 3083 v.
182 3043 206 3098 7,
229 3047 275 3094 113
299 3034 348 3082 and
365 3035 394 3083 in
408 3035 528 3084 henaena
546 3053 569 3086 v.
590 3049 630 3095 21,
649 3051 688 3096 22,
707 3053 747 3100 24.
782 3036 814 3084 In
832 3035 875 3085 the
893 3036 954 3085 cod.
971 3036 1104 3085 Iustinian.
1120 3037 1142 3084 it

138 3113 160 3161 is
176 3112 238 3160 used
255 3112 283 3160 of
297 3113 467 3176 ‘cancelling’
484 3130 517 3162 an
533 3113 679 3178 obligatior,
695 3115 749 3163 viii.
765 3128 805 3178 43.
818 3129 849 3178 43
867 3130 946 3178 comp.
958 3114 1035 3178 Vulg.
1055 3128 1066 3162 1
1084 3114 1141 3163 Cor.

138 3205 162 3241 1.
177 3200 214 3254 17.

171 3268 195 3316 6.
212 3271 335 3328 iniquas,
347 3268 502 3334 inaequales,
514 3269 630 3334 impares.
663 3269 751 3319 Routh
762 3270 895 3334 suggested
907 3272 914 3296 ‘
921 3267 1027 3334 impias*

173 3360 212 3409 13.
230 3350 326 3397 cham.
365 3347 453 3406 Rhea,
474 3348 540 3412 Ray,
564 3348 651 3399 Oeta:
676 3349 758 3398 Chain
776 3348 866 3399 Leia:
895 3348 958 3397 cain
976 3347 1021 3397 rel.
1055 3348 1141 3410 Comp.

138 3424 231 3488 Epiph.
244 3424 261 3473 l.
268 3441 289 3475 c.
302 3422 431 3474 sletdvoav
441 3424 485 3474 τὸν
496 3424 553 3487 xta
565 3427 597 3475 sla
607 3424 652 3486 τὴν
661 3425 767 3482 altiores
779 3424 840 3475 ὄντα
852 3426 896 3475 τοῦ
907 3425 987 3474 αὐτῶν
996 3423 1140 3488 σπέρματος.

174 3503 211 3551 18.
229 3506 332 3561 ipsum.
367 3503 504 3554 Christum.

172 3581 255 3631 Cnsr.
267 3583 395 3633 III.—18.
414 3587 604 3640 Carpocrates.
633 3584 793 3649 Carpocrates
805 3599 856 3634 was
867 3600 883 3632 a
893 3583 1019 3632 Platonist
1030 3581 1058 3631 of
1065 3581 1142 3630 Alex·

137 3659 228 3709 andria
240 3660 267 3708 in
279 3660 323 3710 the
334 3661 406 3724 reign
418 3662 446 3710 of
458 3662 585 3721 Hadrian,
596 3663 647 3712 and
662 3663 702 3711 his
714 3663 836 3712 followers
847 3678 912 3711 were
927 3661 970 3710 the
985 3661 1041 3710 first
1057 3665 1083 3709 to
1094 3660 1142 3708 call

139 3737 289 3788 themselves
308 3738 440 3800 Gnostics3
464 3739 532 3789 lren.
549 3740 566 3789 i.
585 3754 624 3789 πο.
657 3742 700 3790 He
719 3739 875 3789 maintained
894 3740 937 3788 the
954 3739 1036 3804 Unity
1055 3739 1082 3787 of
1098 3737 1142 3786 the

137 3815 207 3866 First
219 3816 354 3882 Principis,
362 3817 425 3867 from
432 3817 526 3867 Whom
533 3818 617 3868 issued
625 3835 641 3868 a
651 3820 726 3868 series
734 3819 762 3868 of
770 3818 886 3883 spiritual
897 3817 992 3882 beings,
1002 3817 1045 3867 the
1054 3817 1142 3868 lowest
