2724 4356
223 259 284 304 110
382 267 387 283 ·
625 237 825 302 Tertulliani
1097 243 1171 312 [cn.
1189 251 1223 300 11.

221 412 324 470 Plures
347 415 493 489 postremo
520 410 647 469 mundus
670 430 736 470 reos
756 411 895 484 continet,
921 410 1033 471 scilicet
1053 408 1224 470 universum

222 510 373 570 hominum
394 530 494 588 genus.
535 508 650 568 Indicia
670 510 796 588 denique
818 531 876 570 non
896 509 1086 589 proconsulis,
1101 511 1153 570 sed
1168 508 1225 567 Dei
1306 514 1312 523 '

223 610 358 670 sustinet.
400 609 466 684 Quo
480 628 539 678 vos,
554 608 708 680 benedicti,
724 609 760 668 de
782 629 895 669 carcere
912 609 944 667 in
965 608 1184 679 custodiarium,
1198 605 1226 666 si

223 709 307 781 forte,
330 709 490 768 translatos
517 706 700 774 existimetis.
743 707 843 766 Habet
873 708 1017 780 tenebras,
1046 707 1098 767 sed
1125 707 1226 766 lumen

197 807 294 872 sestis
313 807 389 885 ipsi:
410 806 500 865 habet
517 804 644 878 vincula,
665 805 716 865 sed
736 825 788 864 vos
809 806 898 864 soluti
920 806 983 866 Deo
1005 805 1085 865 estis.
1127 805 1226 864 Triste

223 906 286 965 illic
299 906 437 983 exspirat,
453 905 503 963 sed
516 924 568 963 vos
582 903 738 963 odorastis
752 904 1013 970 suavitatisdudex
1027 907 1227 981 exspectatur,

226 1005 276 1064 sed
289 1024 340 1065 vos
354 1003 424 1063 estis
437 1004 474 1061 de
488 1002 634 1062 iudicibus
653 1003 727 1080 ipsis
740 1002 909 1062 iudicaturi.
952 1002 1151 1063 Contristetur
1170 1003 1225 1077 illi,

226 1103 279 1181 qui
305 1103 435 1162 fructum
465 1101 574 1161 saeculi
601 1102 739 1179 suspirat.
797 1101 983 1162 Christianus
1019 1102 1107 1162 etiam
1142 1107 1228 1162 extra

227 1221 371 1261 carcerem
385 1201 499 1260 saecum
512 1200 702 1275 renuntiavit,
718 1199 751 1258 in
764 1220 877 1260 carcere
890 1206 989 1260 autem
1002 1200 1093 1260 etiam
1108 1201 1226 1260 carceri.

184 1314 216 1350 10
228 1299 312 1359 Nihil
326 1299 458 1372 interest,
473 1298 523 1356 ubi
538 1298 603 1357 sitis
617 1297 649 1357 in
663 1299 784 1370 saeculo,
800 1298 852 1375 qui
873 1304 957 1358 extra
977 1299 1124 1358 saeculum
1146 1299 1227 1359 estis.

227 1400 268 1457 Et
289 1398 314 1457 si
335 1399 434 1476 aliqua
455 1396 595 1456 amisistis
618 1397 697 1456 vitae
721 1397 837 1474 gaudia,
859 1397 1019 1474 negotiatio
1042 1403 1088 1458 est
1114 1397 1229 1476 aliquid

228 1497 371 1568 amittere,
384 1502 420 1556 nt
434 1496 545 1555 maiora
558 1496 688 1556 lucre1is.
730 1496 815 1555 Nihil
836 1496 932 1556 adhuc
951 1497 1017 1556 dico
1038 1498 1074 1557 de
1090 1498 1228 1576 praemio,

229 1598 267 1656 ad
288 1596 365 1673 quod
384 1595 466 1655 Deus
486 1601 630 1671 martyres
649 1596 768 1656 invitat.
809 1596 908 1674 Ipsam
931 1595 1050 1655 interim
1077 1616 1230 1656 conversa·

229 1695 339 1755 tionem
366 1694 472 1754 saeculi
500 1699 531 1754 et
558 1694 681 1753 carceris
716 1714 922 1772 comparemus,
950 1695 976 1755 si
1011 1714 1069 1754 non
1100 1695 1170 1774 plus
1198 1696 1231 1754 in

187 1814 217 1864 15
230 1814 344 1854 carcere
360 1792 482 1870 spiritus
497 1792 625 1869 acquirit
646 1812 733 1869 quam
752 1813 819 1852 caro
837 1792 959 1852 amittit.
1000 1792 1096 1853 Immo
1109 1794 1230 1871 ecquae

229 1894 310 1952 iusta
332 1895 402 1951 sunt
423 1912 489 1951 caro
513 1911 572 1949 non
593 1890 707 1950 amittit
728 1912 901 1968 percaram
922 1891 1059 1952 ecclesiae
1073 1897 1103 1951 et
1116 1912 1231 1970 agapen

229 1993 372 2063 fratrum;
401 1995 432 2049 et
454 1989 574 2067 insuper
595 2009 669 2067 quae
691 2009 804 2069 semper
824 1991 912 2049 utilia
931 1990 1009 2063 fidei,
1027 1991 1150 2068 spiritus
1169 1991 1232 2050 adi·

265 2180 288 2229 3.
305 2167 435 2221 sustinet,
447 2162 569 2224 ‘awaits,’
583 2163 669 2213 ‘looks
680 2161 734 2224 for,'
745 2165 868 2213 emanere
882 2164 1025 2228 frequently
1035 2163 1082 2213 has
1099 2164 1143 2214 the
1160 2181 1233 2214 sense

232 2245 260 2294 oi
274 2246 416 2307 exspectare
431 2242 458 2290 in
467 2242 625 2292 Tertullian:
643 2241 721 2306 Apol.
733 2255 782 2305 353
797 2243 947 2293 detestare
961 2255 991 2306 53
1011 2244 1067 2292 edu.
1079 2243 1168 2293 Herm.
1184 2257 1233 2308 s9;

232 2319 600 2386 Scorp.2,13;depaen.6;
618 2320 1071 2385 defn9.inpers.11;edu.1ud.6.

299 2403 331 2449 in
346 2403 561 2461 custodiarium,
580 2398 649 2449 ‘into
667 2399 762 2464 aphace
778 2399 807 2447 of
820 2399 918 2464 safety’
932 2416 960 2448 or
974 2397 1132 2463 ‘watching‚'
1162 2401 1234 2449 Here

233 2479 279 2529 isa
290 2479 379 2528 second
391 2483 477 2542 aspect
492 2479 519 2526 in
531 2477 613 2527 which
628 2484 656 2527 to
667 2478 733 2527 view
743 2477 789 2527 the
803 2477 919 2543 martyrs‘
931 2478 1080 2542 prison-as
1094 2494 1128 2527 an
1145 2494 1234 2542 escape

233 2557 298 2607 irem
309 2557 352 2606 the
360 2557 534 2620 prison-house
543 2556 571 2605 oi
579 2556 624 2605 the
633 2557 711 2606 world
718 2554 773 2605 into
780 2572 796 2605 a
804 2557 984 2606 watchhouse.
1018 2556 1233 2608 ‘Custodiarium'

234 2637 256 2685 is
267 2635 329 2684 used
340 2636 397 2684 ado.
408 2635 467 2684 Iud.
483 2649 497 2698 3
510 2634 537 2683 of
546 2635 590 2684 the
602 2633 854 2699 ‘gardan-watcher’s
865 2634 925 2684 hut’
937 2635 965 2684 in
975 2635 1054 2700 citing
1064 2634 1151 2684 Isaiah
1162 2635 1179 2685 i.
1194 2645 1217 2699 7.

267 2729 291 2777 4.
308 2716 403 2762 Habet
420 2716 559 2762 tenebras.
595 2713 681 2776 Oomp.
697 2711 743 2761 the
754 2712 904 2776 description
915 2711 942 2762 oi
956 2712 999 2762 the
1015 2713 1102 2776 prison
1112 2713 1189 2776 given
1200 2713 1236 2778 by

235 2792 368 2855 Perpetua,
392 2791 466 2840 Pure.
487 2790 525 2840 eh.
546 2804 576 2850 13
604 2790 655 2839 and
676 2789 721 2839 the
740 2789 840 2840 horrore
862 2791 975 2841 endured
995 2791 1030 2856 by
1050 2791 1095 2840 the
1118 2792 1236 2842 Gallicam

235 2874 344 2933 martyra
355 2868 426 2932 apud
436 2868 528 2917 Euseb.
542 2884 567 2919 v.
582 2882 603 2918 1.

301 2951 398 2997 lumen
415 2949 484 2996 estis
500 2949 565 3004 ipsi.
605 2946 630 2997 S.
643 2947 722 2997 Matt.
742 2964 766 2997 v.
787 2960 818 3011 14
825 2963 832 3008 ;
855 2948 919 3013 Eph.
937 2963 961 2998 v.
981 2948 996 2997 8
1003 2964 1011 3010 ;
1036 2949 1147 2999 1'1'hess
1165 2965 1189 2999 v.
1212 2961 1237 3012 5.

237 3027 281 3090 Op.
293 3025 410 3090 Cypriam.
422 3024 505 3091 Epist.
518 3025 557 3073 81.

271 3118 293 3169 5.
310 3106 398 3153 soluti
409 3107 478 3153 Deo.
512 3103 568 3152 Gal.
581 3119 606 3152 v.
620 3115 640 3154 1.

270 3180 294 3231 6.
312 3185 462 3231 odorastis
474 3184 631 3231 suavitatis.
666 3181 731 3244 Eph.
743 3198 768 3230 v.
781 3194 813 3243 33
832 3195 845 3230 2
857 3183 913 3233 Gor.
925 3183 951 3233 ii.
965 3196 1004 3248 15.

271 3270 295 3324 7.
312 3263 473 3309 iudicaturi.
510 3259 637 3310 10or.vi.
650 3272 671 3307 2.

272 3340 296 3388 8.
313 3341 438 3387 fructum
451 3340 557 3387 saeculi
574 3340 708 3398 suspirat,
720 3338 791 3388 ‘who
806 3337 875 3402 sighs
889 3339 928 3388 ior
939 3339 984 3388 the
998 3339 1144 3405 enjoyment
1155 3340 1184 3389 of
1193 3340 1239 3390 the

239 3416 344 3480 worldly
355 3415 400 3464 life
410 3414 432 3466 ἐ
450 3416 584 3481 suspirare
601 3416 622 3463 is
637 3416 699 3466 thus
713 3415 874 3467 constructed
889 3416 952 3465 with
966 3433 983 3466 a
996 3418 1086 3482 simple
1097 3435 1149 3469 acc.
1161 3419 1236 3482 Apol.

242 3509 287 3559 153
304 3495 426 3558 despect.
446 3495 493 3554 28;
515 3495 547 3543 de
563 3494 623 3543 cuit.
633 3494 728 3558 ferni.
748 3508 770 3555 2,
782 3494 808 3544 ii.
821 3493 846 3544 6.
879 3495 1026 3558 Opluven.
1040 3497 1074 3546 xi.
1089 3509 1150 3560 1523
1171 3497 1235 3546 Hor.

240 3573 326 3625 carm.
339 3572 376 3622 iii.
391 3583 413 3636 7.
428 3585 473 3632 103
493 3571 587 3621 Tibull.
599 3572 615 3620 i.
627 3569 651 3620 6.
664 3585 703 3634 35,
715 3573 748 3621 iv.
762 3587 784 3636 5.
799 3585 836 3623 11.

275 3649 314 3700 16.
332 3666 448 3709 agapen.
482 3650 544 3699 This
555 3650 577 3698 is
588 3665 635 3698 one
651 3650 679 3699 of
691 3666 769 3714 many
779 3650 905 3701 instances
916 3651 1000 3701 which
1010 3651 1064 3701 will
1076 3667 1149 3701 recur
1159 3652 1187 3701 cf
1194 3651 1240 3700 the

242 3731 320 3779 direct
342 3729 542 3778 transliteration
563 3729 591 3777 of
610 3729 695 3778 Greek
716 3729 798 3778 words
819 3730 847 3779 in
869 3729 921 3780 this
943 3730 1054 3781 treatise.
1095 3731 1150 3780 The
1172 3747 1240 3780 same

241 3807 339 3857 feature
349 3808 372 3857 is
384 3807 523 3858 noticeable
534 3807 562 3856 iu
572 3807 617 3857 the
627 3808 700 3858 Pecs.
713 3807 738 3858 S.
751 3809 830 3873 Perp.
