2724 4356
158 263 281 330 caa11.]
520 254 582 319 Ad
603 254 789 338 Scapulam.
1099 270 1160 338 129

157 425 262 486 libenti
286 425 517 504 expostulentur.
558 427 608 486 Ita
632 428 688 487 etsi
711 448 763 486 nos
786 425 987 504 compuleritis
1009 427 1048 486 ad
1073 427 1160 486 sacri-

156 525 312 597 ficandum,
340 525 417 584 nihil
444 525 633 603 praestabitis
661 526 718 586 diis
742 525 866 585 vestris:
889 527 926 584 ab
953 525 1056 585 invitis
1082 526 1161 586 enim

157 625 299 685 sacrificia
313 645 371 684 non
386 624 601 699 desiderabunt,
617 624 675 684 nisi
695 625 720 684 si
738 624 914 684 contentiosi
930 628 1018 699 sunt3
1041 630 1159 684 conten-

157 723 250 785 siosus
271 729 370 784 autem
383 725 464 784 Deus
485 745 544 783 non
565 730 619 785 est.
665 724 800 802 Denique
822 725 872 803 qui
894 729 939 783 est
952 745 1047 797 verus,
1063 725 1161 783 omnia

157 843 210 883 sua
224 843 260 884 ex
274 844 366 902 aequo
386 830 416 883 et
435 823 565 900 profanis
583 828 614 882 et
636 822 696 882 suis
716 829 855 900 praestat.
898 824 1026 901 Ideoque
1039 829 1070 882 et
1084 822 1188 886 iudi-5

157 921 235 982 cium
251 922 406 983 constituit
419 929 571 982 aeternum
585 923 621 982 de
639 922 734 1000 gratis
751 929 780 982 et
793 921 929 1001 ingratis.
970 923 1082 983 Tamen
1099 943 1160 993 nos,

158 1041 230 1098 quos
251 1021 406 1099 sacrilegos
423 1021 606 1093 existimatis,
626 1041 680 1081 nec
703 1021 736 1079 in
754 1023 834 1080 furto
849 1041 979 1100 unquam
998 1021 1160 1099 deprehen-

158 1119 254 1192 distis,
269 1121 377 1180 nedum
398 1120 431 1179 in
452 1121 613 1197 sacrilegio.
656 1119 766 1180 Omnes
787 1124 885 1180 autem
907 1120 958 1197 qui
979 1121 1090 1198 templa
1112 1121 1161 1181 de-

159 1217 296 1295 spoliant,
310 1226 341 1278 et
361 1240 415 1297 per
431 1220 500 1278 deos
521 1218 630 1292 iurant,
646 1227 676 1279 et
696 1222 811 1280 eosdem
832 1221 939 1292 colunt,
958 1224 988 1279 et
1002 1218 1163 1281 Christiani

157 1337 217 1375 non
230 1324 307 1391 sunt,
320 1323 351 1378 et
365 1317 499 1396 sacrilegi
510 1324 608 1377 tamen
621 1319 889 1396 deprehenduntur.
930 1319 1063 1397 Longum
1077 1324 1123 1379 est
1136 1319 1162 1377 si
1178 1336 1209 1374 11

159 1423 331 1489 retexamus,
343 1418 449 1496 quibus
463 1418 531 1477 aliis
545 1419 638 1478 modis
652 1423 682 1478 et
697 1418 886 1478 derideantur
894 1422 925 1477 et
936 1424 1163 1478 contemnentur

160 1535 260 1575 omnes
274 1515 316 1574 dii
333 1517 370 1575 ab
383 1516 456 1594 ipsis
475 1516 637 1576 cultoribus
658 1517 726 1576 suis.
770 1517 818 1576 Sic
837 1524 866 1576 et
885 1518 963 1577 eirca
981 1517 1162 1577 maiestatem

159 1614 344 1692 imperatoris
357 1615 540 1687 infamamur,
552 1621 652 1675 tamen
663 1636 812 1693 nunquam
822 1613 985 1687 Albiniani,
995 1636 1049 1675 nec
1060 1615 1163 1693 Nigri-

159 1713 218 1786 ani,
234 1714 282 1773 vel
296 1713 429 1774 Cassiani
443 1713 571 1775 inveniri
584 1721 744 1792 potuerunt
761 1714 931 1786 Christiani,
946 1717 997 1775 sed
1016 1715 1093 1774 idem
1107 1713 1163 1792 ipsi

160 1812 211 1889 qui
235 1833 289 1890 per
309 1812 409 1889 genios
431 1833 530 1872 eorum
550 1812 582 1870 in
605 1811 702 1891 pridie
725 1833 815 1892 usquo
837 1813 1016 1884 iuraverant,
1038 1811 1090 1890 qui
1111 1832 1162 1890 pro
1179 1830 1207 1882 15

160 1911 256 1971 salute
273 1931 373 1970 eorum
387 1911 498 1971 hostias
512 1917 543 1971 et
557 1912 686 1971 fecerant
704 1917 735 1971 et
749 1915 899 1984 voverant,
916 1912 967 1990 qui
982 1911 1163 1971 Christianos

161 2029 247 2086 saepe
261 2009 480 2082 damnaverant,
495 2009 593 2070 hostes
608 2031 710 2070 eorum
730 2015 798 2069 sunt
815 2011 933 2088 reperti.
977 2010 1163 2070 Christianus

195 2248 217 2298 5.
235 2238 265 2283 11
280 2237 406 2293 profanis
423 2240 453 2285 11
471 2239 538 2285 suis.
572 2235 597 2286 S.
613 2235 693 2285 Matt.
710 2251 734 2283 v.
752 2248 792 2298 45.
827 2235 913 2298 Comp.
929 2234 1003 2300 Apol.
1021 2247 1061 2299 41,
1080 2233 1163 2283 where

160 2313 302 2362 Tertullian
310 2329 417 2362 answers
426 2330 442 2362 a
453 2319 530 2363 retort
541 2314 618 2363 based
629 2331 662 2363 on
670 2314 714 2363 the
723 2330 836 2363 common
845 2312 977 2377 sufferings
986 2314 1014 2362 of
1023 2312 1163 2362 Christiana

160 2389 211 2439 and
221 2389 345 2439 heathens
356 2392 384 2440 11
395 2391 446 2440 this
457 2392 544 2442 world

196 2480 218 2531 7.
235 2483 288 2519 1111
301 2472 334 2518 in
348 2472 433 2521 furto.
467 2471 521 2519 The
538 2469 660 2534 integrity
672 2470 722 2518 and
736 2469 833 2533 loyalty
843 2469 871 2518 of
881 2469 926 2517 the
943 2469 1014 2534 early
1024 2467 1164 2517 Christians

161 2563 228 2598 were
244 2548 327 2611 points
344 2565 377 2597 on
395 2549 475 2598 which
492 2550 554 2613 they
570 2549 654 2615 might
669 2548 817 2612 deservedly
828 2548 915 2598 bosst:
933 2563 973 2596 see
990 2547 1070 2596 below
1082 2546 1120 2596 oh.
1132 2562 1163 2610 43

161 2625 236 2690 Apol.
255 2641 276 2686 2,
293 2643 336 2691 41,
353 2642 394 2691 44,
411 2627 459 2691 46;
475 2627 582 2677 Α1111111.
601 2627 678 2692 Apol.
699 2640 742 2690 15;
760 2628 825 2678 Iust.
843 2628 923 2676 Mart.
938 2626 1014 2691 Apol.
1033 2626 1050 2675 i.
1068 2624 1106 2686 16,
1126 2636 1164 2690 17.

162 2705 248 2768 Comp.
260 2706 328 2757 Plin.
340 2707 427 2772 Epist.
439 2723 463 2756 x.
476 2705 516 2771 96.

196 2785 218 2833 8.
235 2788 341 2834 nedum
352 2789 384 2834 in
395 2789 549 2844 sacrilegio.
583 2784 658 2847 Apol.
673 2799 710 2848 15,
724 2796 762 2849 37.

197 2874 235 2910 11.
253 2869 479 2925 contemnantur,
491 2864 534 2914 duo.
568 2864 630 2912 This
642 2880 692 2912 was
708 2863 793 2912 shown
805 2862 866 2912 with
877 2862 952 2912 much
968 2866 1101 2912 scuteness
1114 2861 1165 2911 and

162 2938 239 2989 satire
250 2941 324 3004 Apol.
339 2955 429 3005 12,14,
445 2955 481 3005 15.

197 3030 235 3068 12.
253 3023 328 3069 ciros
338 3024 521 3070 maiestatem.
556 3020 610 3068 The
627 3020 703 3069 crime
719 3021 748 3069 of
762 3018 899 3084 ‘majesty’
917 3036 946 3069 or
962 3019 1099 3084 disloyslty
1114 3034 1165 3068 was

163 3113 227 3146 even
238 3113 305 3146 more
315 3097 420 3149 heinous
431 3099 496 3149 than
506 3099 564 3149 that
574 3099 602 3147 of
611 3099 742 3148 ‘atheism'
751 3117 779 3149 or
791 3097 941 3163 ‘sacrilege‘
950 3100 1001 3148 and
1011 3099 1108 3148 formed
1119 3115 1166 3148 ons

163 3175 192 3224 of
206 3176 252 3226 the
269 3181 334 3226 most
353 3177 468 3242 frequent
487 3179 590 3241 charges
608 3179 718 3241 brought
737 3181 836 3243 against
857 3178 901 3227 ths
921 3177 1069 3228 Christiana
1104 3177 1166 3227 This

162 3253 314 3304 indictment
324 3272 376 3305 was
387 3257 452 3321 fully
463 3256 591 3306 answered
602 3256 677 3322 Apol.
692 3258 721 3306 28
734 3258 760 3305 ff.

198 3346 237 3401 13.
253 3336 411 3395 Albiniani,
424 3339 565 3395 Nigriani,
576 3335 725 3384 ‘adherents
737 3335 764 3384 of
771 3336 882 3384 Albinus
893 3334 944 3384 and
955 3332 1050 3397 Niger,‘
1061 3333 1104 3382 the
1115 3338 1166 3383 two

163 3410 296 3460 claimants
307 3416 333 3461 to
346 3413 390 3461 the
399 3413 515 3477 imperial
524 3414 587 3473 title,
596 3413 647 3462 and
658 3415 736 3463 rivals
748 3414 776 3463 11
782 3403 898 3469 'Severus
912 3413 939 3461 in
952 3427 1007 3476 193.
1041 3412 1113 3475 They
1124 3427 1166 3460 are

162 3489 308 3539 mentioned
324 3490 399 3554 Apol.
413 3505 442 3554 35
458 3492 486 3540 in
503 3508 518 3540 1
535 3492 632 3542 similar
648 3508 706 3556 way
720 3508 748 3541 11
765 3496 837 3556 types
853 3491 881 3540 ol
894 3490 996 3540 11111111
1012 3491 1087 3552 along
1103 3489 1166 3538 with

164 3567 272 3624 Cassius,
285 3585 301 3617 1
318 3584 423 3634 usurpes
439 3569 467 3616 of
484 3570 528 3618 the
544 3570 632 3633 purple
649 3569 677 3618 in
693 3570 735 3619 the
750 3571 814 3619 East
830 3569 857 3618 in
873 3568 918 3618 the
935 3569 1006 3632 reign
1023 3567 1050 3616 ol
1063 3569 1165 3617 Marcus

164 3645 292 3706 Aurelius,
307 3656 362 3710 175.
390 3647 476 3710 Comp.
488 3647 569 3695 below
581 3647 619 3695 ch.
634 3661 655 3708 3.

199 3735 237 3786 14.
255 3726 391 3786 Cassiani,
410 3724 545 3774 ‘followers
562 3726 589 3773 of
603 3723 719 3787 Cassius,’
736 3725 779 3775 the
795 3741 901 3790 usurpet
916 3723 1061 3773 mentioned
1078 3723 1106 3772 iu
1121 3722 1166 3772 the

165 3799 214 3849 last
225 3808 291 3850 note.

656 3904 679 3946 K
