2724 4356
229 271 274 340 50
638 254 838 320 Tertulliani
1041 246 1048 279 ³
1073 263 1147 330 [cu.
1163 267 1233 316 x1v.
1333 243 1337 251 ’

230 428 324 506 aliqui
337 432 441 488 tecum
452 425 593 500 curiosus,
604 431 702 486 tecum
715 431 815 486 tamen
826 445 969 504 quaerens
980 423 1137 485 novissime
1151 425 1234 501 igno-

136 575 140 585 .
228 546 295 585 rare
311 521 368 608 [te]
385 525 489 585 melius
510 525 592 596 sciet,
606 545 643 584 ne
663 524 742 603 quod
762 544 822 583 non
842 524 948 583 debeas
968 523 1057 592 noris,
1072 523 1141 600 quia
1156 522 1234 601 quod

229 623 333 684 debeas
345 623 432 684 nosti.
471 622 736 701 Fides‚inquit,tua
744 628 774 682 te
784 623 897 682 salvum
906 622 984 695 fecit,
990 643 1048 681 non
1060 620 1234 681 exercitatio

230 723 452 802 scripturarum.
495 722 584 781 Fides
605 722 637 780 in
657 722 759 799 regula
779 721 876 800 posita
898 728 955 781 est:
978 721 1068 781 habet
1085 720 1187 797 legem,
1204 727 1234 778 et

200 843 214 893 5
231 822 355 881 salutem
367 822 403 881 de
413 820 616 880 observatione
626 821 712 899 legis:
729 820 900 880 exercitatio
911 827 1009 880 autem
1020 819 1052 878 in
1061 817 1234 878 curiositate

229 920 372 993 consistit,
393 919 505 980 habens
529 919 653 997 gloriam
676 920 766 979 solam
787 918 824 977 de
844 917 967 996 peritiae
990 917 1096 977 studio
1139 916 1234 976 Cedat

229 1019 383 1078 curiositas
404 1018 480 1089 fidei,
500 1017 584 1078 cedat
604 1017 700 1096 gloria
720 1017 818 1078 saluti.
861 1018 948 1078 Certe
969 1021 1021 1076 aut
1042 1037 1101 1075 non
1122 1016 1234 1075 obstre-

228 1125 308 1195 pant,
331 1122 384 1176 aut
409 1117 571 1195 quiescant.
613 1116 762 1175 Adversus
786 1115 918 1193 regulam
941 1113 1016 1173 nihil
1040 1114 1114 1174 scire
1136 1113 1234 1172 omnia

229 1215 371 1275 scireest.

186 1337 216 1373 10
271 1313 316 1373 Ut
330 1336 389 1373 non
402 1312 515 1373 inimici
529 1318 627 1373 essent
641 1312 776 1373 veritatis
790 1311 939 1385 haeretici,
953 1318 988 1372 ut
1003 1312 1039 1372 de
1052 1310 1233 1389 refugiendis

229 1412 271 1472 eis
295 1433 353 1471 non
375 1432 636 1490 praemoneremur,
652 1411 738 1490 quale
760 1417 805 1470 est
826 1413 955 1470 conferre
978 1431 1044 1471 cum
1064 1411 1233 1470 hominibus

229 1511 326 1589 quiet
341 1510 399 1588 ipsi
413 1510 508 1570 adhuc
522 1530 553 1569 se
572 1529 714 1585 quaerere
733 1510 948 1587 profiteanturl
990 1508 1024 1569 Si
1042 1509 1122 1568 enim
1135 1510 1232 1569 adhuc

228 1629 296 1668 vere
318 1612 473 1686 quaerunt,
488 1608 563 1667 nihil
584 1607 679 1668 adhuc
701 1608 775 1667 certi
795 1613 983 1687 repererunt:
1006 1614 1036 1667 ct
1056 1608 1122 1666 ideo
1143 1628 1233 1686 quae·

229 1727 354 1784 cumque
373 1706 513 1766 ridentur
533 1705 655 1766 interim
675 1712 784 1775 tenere,
801 1705 1014 1766 dubitationem
1034 1727 1116 1765 suam
1136 1711 1232 1766 osten-

186 1828 215 1878 15
229 1805 313 1879 dunt,
341 1804 478 1882 quamdiu
500 1809 656 1880 quaerunt.
698 1805 804 1881 Itaque
826 1811 870 1876 tu,
893 1805 944 1882 qui
961 1804 1084 1881 perinde
1106 1804 1231 1883 quaeris,

229 1909 364 1982 spectans
387 1903 425 1961 ad
449 1922 497 1962 eos
525 1903 576 1980 qui
601 1908 632 1962 ct
658 1903 718 1981 ipsi
740 1909 895 1980 quaerunt,
921 1903 1028 1963 dubius
1055 1903 1094 1962 ad
1119 1903 1231 1975 dubios,

228 2001 361 2060 incertus
389 2001 426 2060 ad
448 2001 585 2076 incertos,
610 2022 712 2061 caecus
734 2023 752 2061 a
774 2001 865 2062 caecis
886 2002 918 2060 in
942 2001 1053 2062 foveam
1078 2000 1232 2062 deducaris

228 2121 343 2160 necesse
357 2105 410 2160 est.

269 2198 329 2259 Sed
344 2219 411 2256 cum
425 2197 590 2277 decipiendi
604 2197 703 2275 gratia
716 2198 911 2276 praetendant
928 2219 958 2258 se
972 2198 1067 2258 adhuc
1082 2219 1230 2277 quaerere,

185 2321 215 2357 20
228 2303 263 2357 ut
285 2299 368 2357 nobis
389 2318 443 2376 per
467 2297 675 2357 sollicitudinis
696 2297 885 2358 iniectionem
907 2304 1050 2357 tractatus
1071 2319 1137 2357 suos
1158 2298 1232 2359 insi-

228 2405 339 2457 nuent:
360 2395 487 2475 denique
507 2396 559 2456 ubi
580 2396 718 2456 adierunt
742 2397 779 2457 ad
803 2417 855 2457 nos
879 2396 979 2458 statim
999 2417 1074 2475 quae
1096 2397 1233 2458 dicebant

228 2496 393 2576 quaerenda
407 2516 468 2555 esse
485 2495 727 2568 defendentium
745 2495 813 2555 illos
833 2496 873 2556 sic
892 2496 1029 2556 debemus
1045 2495 1181 2569 refutare,
1196 2501 1233 2555 nt

264 2667 285 2702 1.
301 2656 463 2714 novissime,
475 2652 493 2701 i.
502 2669 523 2702 e.
536 2654 544 2680 ‘
552 2653 696 2716 postremo,'
708 2670 735 2702 as
746 2654 837 2714 below,
853 2652 892 2701 ch.
907 2667 938 2702 20
943 2668 950 2715 3
968 2653 1026 2703 adv.
1038 2652 1118 2703 Praa.
1134 2664 1180 2717 27;
1197 2655 1232 2704 ad

227 2734 304 2781 mart.
314 2747 338 2794 4.
371 2731 459 2780 Routh
479 2730 531 2779 and
549 2729 634 2779 others
652 2730 718 2780 bave
733 2731 887 2781 understood
902 2731 924 2779 it
935 2747 963 2779 as
974 2747 990 2780 a
1000 2732 1124 2793 vocative,
1144 2732 1231 2782 ‘Thou

227 2815 323 2858 newest
335 2807 363 2856 oi
370 2805 501 2868 novices’;
518 2809 566 2857 but
577 2808 629 2857 this
639 2823 718 2857 seems
729 2825 745 2858 a
755 2825 817 2872 very
829 2808 916 2857 forced
927 2808 1130 2872 interpretation.
1186 2836 1198 2864 2

294 2890 425 2945 ignorare
439 2885 493 2950 [te]
503 2888 605 2935 melius
617 2889 696 2936 sciet.
721 2886 736 2935 I
747 2886 813 2935 have
824 2887 933 2951 adopted
940 2884 1052 2936 Oehler’e
1062 2888 1229 2949 emendation,

230 2963 315 3014 ‘sciet'
325 2965 364 3013 for
374 2963 441 3027 ‘est,’
447 2964 530 3013 which
536 2964 558 3013 is
565 2964 626 3013 read
632 2965 660 3012 in
667 2965 703 3014 all
710 2965 785 3016 MSS.
796 2966 847 3015 and
855 2966 911 3016 edd.
929 2965 984 3015 But
992 2965 1094 3015 seeVan
1101 2967 1146 3015 der
1154 2965 1230 3028 Vliet,

227 3056 252 3106 p.
267 3058 307 3107 50,
320 3043 376 3091 who
387 3042 508 3092 criticines
523 3043 614 3092 Octler
624 3043 676 3093 and
687 3044 783 3107 prefers
792 3050 819 3094 to
831 3044 921 3094 emend
930 3043 1005 3094 thus:
1019 3047 1026 3072 ‘
1036 3043 1140 3109 [aliqui]
1148 3049 1231 3094 tecum

227 3122 358 3182 curiosius,
370 3127 455 3170 tecum
466 3126 553 3170 tamen
565 3121 615 3186 [te]
628 3127 791 3187 quaerentem
802 3140 861 3172 nov.
873 3122 925 3188 ign.
937 3123 1029 3172 melius
1040 3123 1096 3174 erit.
1115 3160 1122 3174 .
1141 3161 1147 3174 .
1166 3120 1182 3172 .’
1213 3133 1215 3138 '

261 3214 284 3262 3.
302 3202 398 3248 Fides.
434 3198 459 3250 S.
471 3199 544 3249 Luke
555 3199 628 3248 xviii.
641 3214 681 3264 42.

262 3291 300 3327 11.
318 3281 401 3336 quale
413 3283 463 3328 est.
492 3277 540 3327 See
551 3283 618 3338 note,
629 3278 667 3327 ch.
682 3292 720 3344 29.

263 3370 301 3418 13.
319 3359 397 3406 certi.
431 3355 506 3422 Apob.
519 3355 620 3408 ‘certa’

262 3449 301 3498 14.
318 3437 442 3484 interim.
474 3434 523 3484 See
534 3440 604 3496 note,
615 3435 654 3484 ch.
669 3448 707 3484 ro.

264 3524 301 3578 17.
318 3528 425 3564 caecus.
459 3512 485 3562 S.
498 3513 576 3563 Matt.
590 3530 632 3562 xv.
646 3527 684 3576 14

227 3613 229 3619 ·
263 3607 301 3642 2ο.
318 3596 463 3651 tractatus,
469 3593 481 3649 ᾗ
489 3596 627 3641 treatment
639 3590 666 3639 of
674 3590 820 3656 questions,’
831 3591 973 3656 something
983 3591 1036 3640 like
1048 3594 1056 3618 ‘
1062 3591 1231 3653 retractatus,’

228 3669 267 3720 ch.
281 3679 309 3733 7;
326 3669 436 3734 scarcely
448 3669 597 3730 ‘homilias’
612 3669 817 3734 ‘compositione'
849 3671 904 3720 The
921 3670 991 3720 word
1007 3671 1029 3720 is
1046 3671 1108 3720 used
1124 3671 1152 3720 of
1165 3671 1230 3722 ‘dis-

228 3748 354 3796 cussions’
365 3747 400 3811 by
410 3747 526 3811 Cypriam
539 3747 623 3813 Epist.
634 3748 672 3797 iii.
684 3763 715 3811 33
731 3765 813 3813 comp.
825 3748 915 3815 Digest
925 3749 987 3799 xvii.
1000 3761 1023 3798 2.
1035 3763 1075 3812 32.

263 3840 302 3874 22.
319 3828 451 3876 refutare.
484 3826 573 3891 duob,
585 3827 647 3890 usp.
662 3826 809 3892 ‘reputare’
