2724 4356
168 233 227 282 cn.
245 228 376 292 xxxix]
396 218 436 284 do
456 221 710 304 praescriptione
732 221 990 287 Haereticorum.
1125 223 1166 306 87

167 391 235 451 lisse
256 391 408 451 videamur
431 390 594 470 scripturis,
615 392 667 468 qui
686 411 786 452 sumus
810 413 828 452 a
850 392 994 471 principio
1015 399 1046 453 et
1067 394 1165 473 primi,

167 510 253 566 quam
267 489 334 550 illos
348 512 406 549 non
420 490 565 561 intulisse,
580 491 632 566 qui
647 497 716 550 sunt
731 500 760 550 et
773 491 884 568 posteri
897 496 927 550 et
941 492 1064 552 adversi.

206 590 294 650 Alius
309 611 398 650 manu
412 589 580 667 scripturae,
592 591 668 650 aliua
683 611 784 651 seusus
796 591 976 668 expositione
987 591 1166 652 intervertit.

166 689 271 767 Neque
289 688 368 747 enim
387 689 413 747 si
427 688 602 747 Valentinus
623 689 737 766 integro
758 689 955 749 instrumento
977 691 1024 750 uti
1038 690 1164 763 videtur,

166 808 223 847 non
242 787 390 846 callidiore
411 787 528 863 ingenio
547 808 633 864 quam
649 787 780 847 Marcion
797 808 899 846 manus
918 788 1021 848 intulit
1034 788 1165 849 veritati.
1180 810 1194 860 5

104 918 106 922 ·
165 886 296 945 Marcion
311 886 389 944 enim
403 890 516 945 exserte
530 891 560 944 et
573 886 666 962 palam
687 887 847 958 machaera,
862 907 920 946 nou
939 887 1006 946 stilo
1022 907 1092 946 usus
1111 893 1166 960 est,

164 985 301 1061 quoniam
321 984 358 1043 ad
379 984 534 1043 materiam
555 1004 638 1043 suam
658 985 774 1043 caedem
794 985 1009 1062 scripturarum
1032 986 1165 1046 confecit.

165 1082 339 1141 Valentinus
353 1087 452 1141 autem
465 1083 605 1158 pepercit,
621 1084 757 1159 quoniam
772 1105 830 1144 non
847 1085 885 1143 ad
903 1084 1056 1144 materiam
1076 1084 1166 1161 scrip·

163 1186 254 1252 turae,
280 1182 330 1240 sed
355 1181 507 1239 materiam
531 1179 569 1239 ad
596 1180 754 1259 scripturas
781 1183 978 1259 excogitavit:
1009 1187 1040 1242 et
1067 1187 1166 1242 tamen

163 1280 230 1356 plus
243 1279 366 1338 abstulit
380 1286 410 1338 et
423 1278 490 1357 plus
504 1278 619 1350 adiecit,
628 1280 762 1340 auferens
775 1281 971 1358 proprietates
982 1281 1164 1359 singulorum
1181 1301 1211 1335 10
1251 1332 1254 1339 .

163 1398 278 1455 quoque
288 1378 452 1448 verborum,
464 1382 495 1436 et
503 1376 632 1436 adiciens
643 1378 850 1456 dispositiones
864 1380 922 1440 non
936 1380 1164 1459 comparentium

161 1495 269 1535 rerum.

511 1584 647 1644 CAPUT
668 1583 807 1644 XXXIX.

202 1720 313 1778 Enrur
331 1718 449 1797 ingenia
466 1721 502 1779 de
524 1721 708 1800 spiritalibus
728 1721 884 1799 nequitiae,
899 1743 965 1782 cum
982 1724 1089 1802 quibus
1103 1727 1163 1785 luc·

161 1818 234 1877 tatio
249 1823 292 1877 est
307 1818 399 1889 nobis,
413 1819 529 1892 fratres,
546 1821 651 1879 merito
671 1820 901 1912 contemplanda,
916 1821 985 1881 fidei
994 1825 1163 1899 necessaria,

161 1922 196 1976 ut
224 1917 310 1976 electi
338 1917 570 1990 manifestentur,
599 1925 635 1979 ut
662 1919 779 1996 reprobi
807 1919 988 1996 detegantur.
1031 1923 1071 1982 Et
1098 1925 1164 1984 ideo
1179 1946 1207 1995 15

195 2073 218 2121 3.
235 2063 407 2110 intervertit.
442 2062 630 2126 Gomp.ch.17.
816 2107 818 2110 .

194 2137 218 2186 6.
236 2141 373 2187 Marcion.
407 2138 493 2203 (temp.
516 2141 584 2190 Iren.
608 2142 625 2190 i.
647 2154 691 2203 253
717 2139 808 2203 Epiph.
827 2139 909 2190 Haeo.
932 2155 980 2204 42:
1010 2143 1073 2192 from
1092 2146 1164 2196 these

160 2218 259 2265 writers
282 2217 333 2265 and
353 2217 417 2266 from
436 2216 598 2267 Tertullian'a
619 2220 721 2267 treatiee
744 2218 843 2281 against
865 2217 927 2280 him,
949 2237 988 2270 we
1009 2221 1082 2270 learn
1105 2224 1163 2273 that

161 2295 276 2344 Marcion
292 2295 404 2360 rejected
420 2297 464 2345 the
476 2297 559 2346 whole
576 2296 604 2345 of
618 2296 662 2346 the
679 2297 728 2346 Old
740 2296 895 2356 Testament,
908 2296 959 2346 and
973 2299 1089 2348 received
1101 2303 1163 2366 only

161 2373 186 2424 S.
198 2372 291 2422 Luke's
301 2375 394 2438 Goepel
405 2375 456 2423 and
467 2380 511 2424 ten
523 2375 551 2423 os
558 2375 582 2424 S.
595 2375 679 2423 Paul'e
691 2375 799 2438 Epistlee
812 2374 920 2438 (Galat,
932 2389 942 2422 1
954 2377 1162 2440 enumerata,

160 2451 241 2512 Boou,
256 2466 267 2500 1
281 2452 332 2501 and
345 2469 356 2501 2
373 2453 465 2512 Thera,
478 2452 553 2516 opt,
569 2454 670 2513 Colore,
683 2452 763 2514 Post,
775 2452 916 2518 Philipp),
933 2454 1013 2502 alliu
1031 2472 1046 2505 a
1062 2459 1162 2522 greatly

161 2530 299 2579 mutilated
316 2531 454 2581 condition.
490 2533 541 2580 For
561 2548 576 2580 a
596 2531 707 2581 detailed
724 2536 829 2580 account
846 2533 874 2579 of
887 2532 927 2580 hie
945 2532 1100 2595 alterations,
1120 2552 1161 2586 eee

160 2608 282 2668 Lanlner,
301 2609 374 2659 Hae.
388 2611 420 2674 os
429 2610 554 2671 Horatios,
570 2611 608 2659 ch.
621 2626 645 2660 x.
664 2614 693 2669 ἕξ
708 2624 738 2673 35
747 2611 772 2660 ff.
799 2609 837 2658 ef.
850 2610 1000 2672 Theodorei,
1014 2613 1095 2662 Haer.
1104 2614 1159 2676 fob.

159 2687 176 2734 i.
189 2701 236 2750 24;
254 2687 312 2752 Oyr.
324 2689 342 2736 J
344 2704 379 2737 er.
391 2688 491 2738 Catect.
507 2689 541 2737 vi.
556 2687 602 2750 163
619 2688 670 2736 xvi.
684 2698 714 2751 ’ῃ
732 2689 800 2752 Orig.
817 2704 837 2737 c.
856 2688 920 2737 Uele.
932 2690 958 2738 ii.
972 2700 1018 2753 ης
1036 2691 1159 2743 Pa-Tert.

159 2767 217 2814 odo.
230 2781 293 2814 omn.
304 2766 373 2815 lucer.
386 2765 408 2816 6.

192 2845 215 2892 8.
232 2846 403 2894 Valentinus
420 2851 523 2900 eutem,
539 2845 583 2894 dec.
625 2845 799 2908 Occasionally
815 2844 930 2894 however
946 2845 1099 2897 Valentinus
1116 2848 1160 2898 did

160 2921 263 2970 ‘invent
275 2922 398 2985 scripture
414 2926 442 2971 to
459 2922 511 2971 suit
527 2923 566 2972 hie
578 2921 692 2973 theme':
711 2939 752 2972 see
769 2923 919 2984 Theodoret,
931 2925 1015 2975 Hoer.
1026 2925 1086 2988 fob.
1098 2926 1115 2976 i.
1129 2938 1159 2991 73

159 2998 226 3047 Iren.
238 3000 256 3048 i.
270 3013 291 3047 1.
305 3000 328 3055 8,
340 3002 423 3050 where
434 3002 457 3050 it
472 3018 577 3066 appears
593 3001 652 3051 that
666 3002 698 3050 he
710 3001 791 3051 added
805 2999 919 3063 θεότητες
936 3007 963 3050 to
978 3003 1099 3054 (tolosai
1114 3005 1160 3064 163

158 3076 209 3126 and
226 3078 301 3141 again
318 3078 385 3126 Iren.
398 3080 414 3128 i.
430 3093 450 3128 1.
465 3078 505 3140 16,
525 3079 607 3129 where
629 3080 672 3128 οὐκ
690 3077 744 3128 olto
761 3080 782 3128 ie
802 3080 885 3128 added
900 3085 927 3129 to
944 3081 968 3130 S.
980 3081 1050 3131 John
1060 3082 1103 3132 xii.
1120 3095 1158 3146 27.

158 3156 243 3220 Ocmp.
255 3163 297 3205 too
309 3157 523 3206 theValeutiniau
534 3156 701 3208 Ptolemaeus’
709 3158 830 3208 heretical
842 3159 948 3222 reading
956 3159 1007 3208 and
1016 3162 1160 3223 perversiori

157 3232 184 3281 oi
199 3234 224 3282 S.
237 3234 309 3283 John
321 3234 337 3282 i.
352 3247 391 3298 14,
409 3237 503 3298 quoted
521 3236 588 3286 Iren.
605 3237 622 3285 i.
637 3249 658 3285 1.
673 3235 703 3284 18
722 3236 795 3300 (with
812 3234 940 3300 Harvey’s
956 3241 1022 3300 note,
1038 3237 1054 3288 ἰ.
1067 3254 1091 3301 p.
1107 3240 1158 3302 79).

157 3311 210 3360 The
222 3312 388 3361 Valentinian
399 3315 557 3377 perversione
568 3330 611 3363 are
622 3313 733 3363 detailed
744 3314 778 3377 by
789 3314 855 3363 Ireu.
868 3315 885 3365 i.
900 3326 921 3364 1.
935 3328 965 3378 15
974 3315 999 3363 ff.

190 3391 272 3440 Crine.
284 3391 493 3454 XXXIX-13.
511 3396 609 3442 Erant.
645 3392 730 3457 eyes,
743 3392 820 3455 nte:
837 3393 909 3441 Haec
920 3397 981 3441 sunt
992 3392 1035 3442 rel.

222 3472 345 3530 ingenia,
358 3467 533 3526 ‘inventione'
546 3475 552 3498 ‘
563 3469 672 3518 artifices
681 3467 701 3520 ¹:
720 3486 748 3518 eo
759 3469 833 3534 Apol.
849 3484 878 3534 15
892 3470 1026 3519 ‘lasciviae
1041 3468 1153 3533 ingenia'

158 3549 210 3609 (see
221 3549 307 3608 note);
325 3548 357 3596 ib.
371 3562 401 3597 22
421 3552 518 3597 ‘cetera
534 3550 634 3612 ingenia
645 3549 686 3596 vel
704 3549 780 3597 etiam
795 3548 862 3597 vires
879 3547 994 3596 fallaciae
1005 3547 1126 3612 spiritalis
1135 3545 1158 3608 ’;

156 3625 188 3674 oh.
202 3639 249 3688 49;
267 3626 303 3673 ad
313 3629 388 3675 mort.
401 3643 417 3686 4
428 3629 520 3675 ‘omne
531 3627 653 3676 carnificis
665 3627 793 3692 ingenium
804 3627 831 3675 in
843 3623 992 3676 tormentis?

223 3707 401 3760 spiritalibus
412 3708 564 3763 nequitiae.
600 3705 664 3769 Eph.
678 3706 711 3755 vi.
728 3719 765 3754 η.

192 3793 229 3846 15·
247 3786 281 3830 ut
292 3785 376 3831 electi
387 3785 615 3833 manifestentur.
650 3783 736 3847 Comp.
751 3795 762 3830 1
776 3783 832 3831 Oor.
843 3783 876 3831 xi.
891 3795 928 3847 19.
