2724 4356
204 274 266 340 130
607 254 807 321 Tertulliani
1081 263 1154 328 [cu.
1172 267 1205 314 11.

201 426 311 486 nullius
326 434 370 487 est
384 427 484 501 hostis,
501 428 609 487 nedum
623 425 817 505 imperatorie,
833 446 921 504 quem
935 426 1027 486 sciens
1041 447 1058 485 a
1073 426 1138 486 Deo
1153 424 1206 485 suo

201 525 350 598 eonstitui,
371 547 486 586 necesse
512 533 557 586 est
579 532 614 586 ut
637 532 667 586 et
691 526 786 604 ipsum
808 526 913 603 diligat
934 529 963 585 et
984 530 1155 585 revereatur
1174 529 1206 583 et

201 624 323 685 honoret
337 633 367 685 et
381 627 493 686 salvum
508 627 588 696 velit,
603 647 668 685 oum
681 631 743 684 toto
759 625 889 683 Romano
907 623 1037 702 imperi0‚
1053 644 1206 702 quousque

201 725 346 783 saeculum
377 726 485 785 stabit:
517 725 630 784 tamdiu
657 724 737 784 enim
764 723 863 782 stabit.
915 723 1047 782 Colimus
1076 743 1146 800 ergo
1174 728 1206 781 et

173 821 405 900 5imperatorem
427 823 468 882 sio
487 824 630 903 quomodo
652 827 682 883 et
702 823 786 880 nobis
805 822 875 881 licet
895 827 925 881 et
947 822 1004 899 ipsi
1026 821 1154 899 expedit,
1169 828 1205 881 ut

200 921 347 981 hominem
362 944 380 982 a
395 923 457 981 Deo
471 923 637 994 seeundum,
653 928 682 982 et
697 920 837 999 quicquid
852 925 896 980 est
909 943 927 980 a
938 921 1002 980 Deo
1017 926 1206 980 consecutum

199 1027 230 1079 et
245 1022 305 1080 solo
320 1023 382 1081 Deo
396 1022 547 1082 minorem.
590 1023 656 1080 Hoc
671 1027 700 1080 et
713 1021 775 1098 ipse
786 1020 873 1079 volet.
918 1019 966 1078 sic
977 1019 1056 1079 enim
1071 1019 1206 1079 omnibus

200 1119 291 1178 maior
312 1128 365 1192 est,
380 1121 450 1180 dum
472 1122 531 1180 solo
545 1141 614 1180 vero
635 1120 699 1180 Deo
720 1119 815 1177 minor
835 1123 889 1178 est.
932 1119 980 1178 Sia
1001 1123 1032 1178 et
1052 1118 1125 1196 ipsis
1145 1118 1205 1178 diis

199 1217 292 1276 maior
303 1224 356 1291 est,
369 1219 439 1278 dum
450 1224 479 1278 et
488 1219 547 1297 ipsi
558 1220 589 1278 in
603 1224 749 1297 potestate
763 1221 832 1276 sunt
845 1217 916 1277 eius.
957 1217 1063 1296 Itaque
1075 1223 1105 1277 et
1115 1216 1204 1277 saeri-

157 1335 187 1369 ιο
199 1316 319 1375 ficamus
338 1338 392 1394 pro
411 1318 505 1377 salute
522 1317 715 1396 imperatoris,
731 1316 781 1375 sed
797 1316 859 1374 Deo
874 1321 975 1374 nostro
989 1319 1020 1375 et
1033 1315 1135 1393 ipsius,
1152 1315 1205 1375 sed

199 1415 342 1490 quomodo
357 1417 506 1495 praecepit
521 1418 609 1489 Deua,
623 1436 699 1494 pura
712 1435 808 1493 prece.
852 1414 922 1473 Non
936 1415 1015 1472 enim
1030 1419 1098 1492 eget
1113 1415 1203 1487 Deus,

199 1514 332 1572 conditor
353 1515 564 1590 universitatis,
587 1515 682 1574 odoris
702 1518 755 1573 aut
776 1512 927 1589 sanguinis
947 1513 1078 1572 alieuius.
1120 1513 1205 1572 Haeo

199 1612 277 1670 enim
286 1613 500 1673 daemoniorum
510 1614 616 1691 pabula
625 1621 702 1672 sunt.
737 1611 898 1671 Daemones
909 1619 1008 1671 autem
1018 1632 1076 1670 non
1085 1616 1205 1672 tantum

198 1711 371 1788 respuimus,
383 1733 485 1770 verum
498 1719 529 1772 et
543 1712 726 1782 revincimus,
739 1717 768 1769 et
783 1710 903 1769 cottidie
917 1709 1106 1783 traducimus,
1122 1716 1152 1770 et
1167 1710 1204 1770 de

156 1828 185 1879 15
198 1808 365 1869 hominibus
388 1812 567 1889 expellimus,
591 1812 667 1871 sieut
688 1807 823 1890 plurimis
851 1814 954 1870 notum
982 1813 1035 1870 est.
1076 1809 1127 1870 Ita
1149 1831 1205 1871 nos

199 1909 293 1986 magis
307 1929 422 1968 oramus
444 1931 497 1988 pro
517 1912 610 1970 salute
628 1911 820 1988 imperatoris,
837 1912 873 1970 ab
894 1931 926 1970 eo
941 1930 1004 1969 eam
1017 1909 1204 1987 postulantes

235 2097 256 2132 1.
273 2086 396 2133 nullius:
414 2082 431 2132 i.
437 2101 460 2148 q.
474 2084 588 2145 neminis,
598 2101 625 2134 a
632 2085 790 2150 frequently;
807 2103 857 2150 eg.
869 2084 907 2135 eh.
919 2099 951 2147 43
962 2083 1036 2150 Apol.
1049 2084 1064 2132 8
1072 2100 1079 2144 ;
1096 2085 1128 2133 de
1138 2083 1203 2134 idol.

200 2161 346 2224 18;Soorp.
358 2161 381 2211 6.

264 2243 352 2289 aDeo
374 2255 425 2289 suo
448 2244 591 2290 oonstitui.
638 2240 710 2306 Apol.
731 2256 762 2304 33
781 2244 880 2290 ‘noster
898 2245 937 2291 est
955 2239 1035 2304 magis
1055 2240 1156 2301 Caesar,
1174 2245 1204 2289 nt

197 2333 213 2366 a
224 2324 309 2366 nostro
320 2318 375 2366 Deo
386 2318 552 2368 constitutus.¹
587 2320 660 2369 Rom.
672 2320 724 2370 xiii.
740 2335 763 2377 1;
781 2321 853 2369 Titus
863 2320 900 2370 iii.
915 2335 925 2368 1
936 2335 943 2380 ς
962 2333 973 2367 ι
988 2318 1014 2370 S.
1026 2318 1103 2367 Peter
1113 2319 1140 2368 ii.
1154 2332 1193 2380 13.

231 2413 255 2457 4.
272 2400 382 2445 tamdiu
400 2401 477 2445 enim
495 2402 591 2447 stabit.
625 2398 766 2447 Tertullian
786 2389 864 2448 statei
880 2398 924 2447 the
943 2413 1056 2446 common
1073 2396 1203 2446 Christian

198 2473 278 2522 belief
290 2474 318 2523 of
331 2474 376 2524 the
388 2475 458 2539 early
469 2477 593 2526 centuries
604 2477 661 2526 that
672 2477 716 2526 the
728 2477 881 2526 destruction
891 2476 919 2525 of
931 2475 977 2524 the
993 2475 1092 2524 Roman
1108 2475 1203 2538 empire

197 2552 283 2600 would
293 2553 402 2613 involve,
413 2554 465 2603 and
480 2556 641 2615 synchronize
652 2554 721 2616 vvith,
733 2557 792 2604 that
803 2556 831 2603 of
843 2555 888 2604 the
898 2554 985 2604 world
1021 2568 1034 2602 ι
1047 2553 1133 2603 Thess.
1146 2553 1174 2603 ii.
1186 2551 1202 2601 6

198 2646 250 2678 was
261 2629 404 2694 frequently
415 2648 442 2679 so
454 2632 622 2695 inte1·preted;
639 2649 679 2682 see
690 2637 750 2681 note
762 2634 837 2698 Apol.
851 2647 896 2696 3²3
913 2633 972 2696 (lyr.
984 2631 1034 2682 Ier.
1047 2631 1149 2681 Oateol.
1159 2647 1201 2680 xv.

200 2720 228 2755 11
242 2707 275 2766 f.;
292 2709 401 2770 August.
413 2711 444 2758 de
456 2711 502 2759 oio.
515 2710 568 2758 Dei
578 2727 620 2760 xx.
635 2725 679 2774 19;
696 2711 813 2760 Lactant.
826 2711 870 2760 vii.
884 2724 930 2774 253
946 2709 1064 2759 Ambros.
1073 2709 1110 2756 ud
1118 2708 1200 2771 Epist.

198 2787 217 2834 i.
234 2786 269 2834 ad
287 2784 367 2835 luas.
379 2786 455 2835 ‘Non
473 2787 541 2852 prius
558 2789 642 2837 veniet
660 2785 775 2838 Christus
792 2805 868 2852 quam
882 2789 952 2852 regni
969 2787 1077 2836 Romani
1094 2786 1202 2836 defectio

197 2861 251 2918 fiat,
263 2867 289 2911 et
300 2869 421 2928 appareat
432 2865 634 2926 Antichristus‘3
651 2866 693 2916 duo.

204 2973 206 2976 ψ
231 2939 255 2988 6.
273 2954 290 2987 e
301 2945 361 2991 Deo
373 2947 535 2992 seeundum.
570 2943 643 3006 Apol.
658 2957 697 3005 30,
710 2958 750 3007 33,
763 2958 803 3006 34.

187 3053 190 3058 .
231 3031 254 3081 9.
272 3021 304 3066 in
315 3024 454 3075 potestate
467 3027 534 3069 sunt
546 3025 616 3072 eius.
649 3021 724 3085 Apol.
737 3035 759 3084 5,
774 3036 813 3085 13,
827 3036 857 3086 ²9
879 3036 919 3085 30.

264 3101 460 3147 sacrificamus.
493 3100 572 3165 Apol.
587 3116 634 3163 303
651 3102 681 3149 de
701 3103 814 3164 oratn8
834 3101 909 3150 ‘haee
927 3106 966 3151 est
982 3099 1067 3149 hostia
1082 3098 1202 3164 spiritalis

197 3189 263 3236 quae
287 3175 395 3237 pristina
421 3176 541 3226 aurificia
564 3175 675 3227 delevit.'
713 3179 855 3227 Tertullian
876 3179 929 3228 also
951 3178 1046 3243 appliee
1068 3177 1113 3227 the
1134 3182 1202 3226 term

199 3254 206 3278 ‘
215 3252 375 3301 sacrificium’
392 3259 419 3302 to
435 3255 529 3318 tasting
545 3256 596 3304 and
613 3256 797 3316 mortification,
810 3257 840 3305 de
856 3271 902 3307 ree.
914 3271 986 3308 euru.
998 3256 1013 3304 8
1022 3272 1030 3316 ;
1046 3255 1097 3304 and
1113 3259 1141 3304 to
1156 3257 1202 3306 the

197 3330 268 3393 Holy
280 3330 423 3392 Eucharist,
437 3333 466 3381 de
479 3337 546 3383 oroi.
563 3348 608 3397 19;
625 3336 657 3383 de
668 3335 799 3400 cultfem.
809 3335 836 3384 ii.
851 3348 890 3385 11.

233 3422 271 3469 13.
289 3413 501 3460 daemoniorum
512 3416 623 3469 pabulo.
658 3413 704 3462 See
715 3419 773 3462 note
784 3412 857 3476 Apol.
872 3427 910 3462 ιι.

233 3500 271 3551 14.
289 3489 676 3553 traducimus=patefaaimus;
692 3489 919 3540 Tertullian'often
936 3489 1048 3555 employa
1064 3489 1116 3540 this
1131 3490 1203 3540 word

196 3564 236 3612 for
247 3567 401 3627 convincere,
417 3570 545 3632 refutare:
564 3570 595 3618 de
605 3571 684 3618 anim.
699 3585 729 3629 13
746 3569 778 3618 de
794 3571 855 3634 pud.
872 3571 896 3631 8,
914 3583 962 3630 ²²3
978 3570 1036 3618 udo.
1049 3571 1138 3620 Herm.
1155 3569 1203 3629 383

197 3643 346 3694 aduPrux.
361 3658 383 3694 1.

263 3725 297 3771 de
314 3725 479 3773 hominibus
499 3727 674 3782 expellimus.
708 3724 788 3790 Apol.
803 3738 849 3786 23:
875 3725 915 3774 lor
929 3725 961 3774 de
978 3722 1065 3789 [τοο]
1084 3739 1126 3774 see
1142 3730 1203 3774 note

196 3799 227 3848 de
233 3816 349 3864 praescr.
362 3801 432 3852 laer.
446 3815 469 3864 3.
