2724 4356
147 267 207 314 cir.
224 257 296 323 xx.]
353 250 392 314 de
412 249 672 331 Praescrr'ptione
694 248 954 313 Haereticcrum.
1107 259 1150 330 55

147 421 258 481 tradita
279 420 440 499 disciplina,
455 441 513 499 qua
537 420 613 480 fiunt
635 418 808 480 Christiani.
850 419 912 480 Ubi
932 417 1011 479 enim
1027 437 1152 496 apparu·

147 520 205 580 erit
224 539 286 579 esse
306 519 462 579 veritatem
483 519 654 598 disciplinae
674 527 704 579 et
722 518 790 578 fidei
804 518 998 590 Christianae,
1013 517 1074 576 illic
1093 515 1152 575 erit

147 619 258 678 veritas
272 618 494 696 scripturarum,
505 624 536 677 et
547 617 769 696 expositionum,
780 622 810 678 et
821 617 951 676 omnium
958 615 1152 676 traditionum

147 717 393 777 Christianarum.
781 710 783 714 ’

536 863 670 925 CAPUT
693 865 758 925 XX.

189 1014 349 1074 Onnrsrus
363 1013 456 1073 Iasos
471 1013 615 1073 Dominus
628 1019 735 1086 noster,
745 1012 899 1093 permittat
912 1011 1008 1073 dicere
1022 1011 1150 1086 interim,
1165 1042 1179 1093 5

147 1112 281 1191 quisquis
298 1117 351 1179 est,
369 1110 579 1189 cuiuscumque
601 1111 658 1170 Dei
682 1110 769 1185 filius,
788 1111 996 1188 cuiuscumque
1012 1110 1152 1171 materiae

147 1213 232 1271 homo
253 1218 284 1271 et
306 1212 397 1284 Deus,
422 1209 631 1289 cuiuscumque
651 1209 720 1270 fidei
740 1217 920 1288 praeceptor,
944 1211 1152 1288 cuiuscumque

147 1311 289 1370 mercedis
313 1308 510 1388 repromissor,
526 1309 598 1386 quid
620 1314 705 1380 esset,
719 1309 792 1387 quid
814 1309 924 1383 fuisset,
946 1329 1034 1386 quam
1055 1309 1153 1368 Patris

147 1410 330 1469 voluntatem
339 1407 567 1480 administraret,
577 1408 650 1487 quid
658 1408 769 1467 homini
778 1408 923 1484 agendum
933 1408 1151 1480 determinaret,

148 1507 288 1586 quamdiu
315 1507 347 1565 in
372 1507 460 1566 terris
484 1506 598 1582 agebat,
624 1505 689 1585 ipse
716 1506 928 1585 pronuntiabat
953 1508 1015 1566 sive
1043 1506 1152 1583 populo
1168 1524 1198 1560 ιο
1275 1559 1277 1564 .

147 1607 253 1684 palam,
269 1605 330 1665 sire
351 1605 531 1665 discentibus
553 1626 691 1678 seorsum,
707 1626 744 1664 ex
765 1605 872 1684 quibus
893 1604 1047 1664 duodecim
1067 1625 1152 1682 prae-

147 1706 250 1783 cipuos
270 1704 357 1765 lateri
379 1725 432 1764 suo
446 1704 604 1782 adlegerat,
621 1705 783 1765 destinatos
801 1704 970 1765 nationibus
989 1705 1152 1781 magistros.

148 1804 255 1882 Itaque
276 1825 335 1862 uno
356 1823 456 1862 eorum
478 1803 606 1877 decusso,
626 1803 753 1882 reliquos
769 1804 905 1862 undecim
926 1803 1094 1882 digrediens
1115 1803 1153 1862 ad

147 1903 266 1962 Patrem
289 1908 356 1980 post
380 1901 624 1962 resurrectionem
650 1902 736 1962 iussit
760 1903 803 1962 ire
827 1909 858 1962 et
882 1903 985 1962 docere
1010 1901 1152 1973 nationes,

147 2001 304 2080 tingendas
318 2002 350 2059 in
365 2000 489 2072 Patrem,
502 2006 532 2060 et
546 2001 578 2059 in
591 1999 711 2073 Filium,
726 2001 803 2060 etin
818 2000 964 2078 Spiritum
979 2000 1127 2061 Sanctum.
1167 2027 1196 2078 15

190 2099 299 2160 Statim
312 2098 405 2176 igitur
425 2099 557 2176 apostoli,
572 2119 644 2176 quos
664 2100 734 2158 haec
755 2099 916 2177 appellatio
937 2099 1039 2184 missos
1059 2099 1152 2158 inter·

147 2203 290 2276 pretatur,
306 2203 454 2276 assumpto
475 2218 529 2274 per
549 2203 658 2257 sortem
679 2198 850 2257 duodecimo
871 2198 984 2258 Mathia
1004 2197 1037 2256 in
1057 2197 1152 2256 locum

148 2299 249 2369 Iudae,
264 2318 301 2357 ex
319 2297 497 2358 auctoritate
516 2298 696 2375 prophetiae,
712 2303 846 2375 quaeest
866 2297 899 2355 in
917 2297 1029 2374 psalmo
1044 2297 1151 2369 David,

148 2396 297 2456 consecuti
327 2395 498 2474 promissam
525 2396 587 2455 vim
616 2396 744 2474 Spiritus
767 2395 870 2455 Sancti
897 2397 934 2454 ad
961 2396 1088 2455 virtutes
1121 2401 1152 2455 et

183 2566 204 2601 1.
222 2554 382 2609 disciplina.
406 2552 453 2601 See
464 2558 532 2612 note,
543 2551 583 2601 ch.
595 2549 619 2602 6.
677 2553 680 2557 ’

181 2632 263 2680 Gnar.
275 2630 396 2693 XX.-5.
414 2632 544 2679 christus
562 2633 652 2679 Iesus.
685 2631 828 2680 Tertullian
843 2629 949 2680 bruches
965 2628 1035 2679 aeide
1053 2628 1092 2678 for
1108 2629 1153 2678 the

148 2713 261 2759 moment
279 2708 314 2758 all
334 2708 503 2772 speculatione
521 2708 549 2757 of
564 2709 660 2774 heresy,
675 2709 726 2758 and
742 2714 913 2759 concontrates
929 2708 1055 2758 attention
1073 2707 1153 2768 sclely

149 2803 216 2851 upon
228 2788 272 2837 the
284 2787 344 2835 bare
356 2786 485 2836 historical
502 2785 554 2836 fact
570 2786 599 2835 ot
612 2788 657 2837 the
673 2787 794 2851 practioal
810 2787 929 2850 teaching
946 2786 974 2835 of
987 2786 1031 2835 the
1048 2785 1152 2835 historic

149 2865 245 2914 Person
256 2863 332 2913 ‚lesus
343 2863 436 2913 Christ.

215 2945 338 3002 interim,
353 2941 407 2990 ‘for
422 2943 466 2991 the
483 2940 610 3004 moment,‘
624 2947 631 2971 ‘
639 2944 678 2993 for
692 2942 736 2992 the
751 2943 811 2992 sake
828 2944 856 2992 of
869 2939 1018 3007 argument?
1051 2941 1113 2990 This
1130 2940 1153 2990 is

148 3018 311 3072 Tertullian's
326 3021 430 3084 general
447 3036 491 3077 use
502 3021 656 3071 ol‘iuterim
665 3021 687 3078 ';
704 3038 744 3071 see
759 3023 809 3070 cha.
825 3037 848 3085 9,
864 3036 903 3085 14,
917 3035 963 3082 22;
981 3019 1055 3085 Apol.
1066 3022 1089 3081 8,
1106 3033 1151 3079 213

150 3100 182 3148 de
192 3115 275 3149 coroa.
290 3100 320 3158 83
336 3115 415 3163 comp.
423 3099 489 3147 Min.
498 3099 552 3149 Fel.
568 3109 590 3163 7,
605 3099 642 3148 16.
676 3100 775 3160 Abora,
785 3100 824 3150 ch.
833 3114 858 3163 4,
870 3101 932 3150 it=‘
941 3097 1025 3161 canc:
1037 3096 1150 3147 ‘adbuc'

184 3191 222 3227 11.
239 3178 420 3228 discentibus.
455 3177 502 3226 Sec
513 3180 581 3238 note,
593 3176 632 3227 ch.
643 3191 665 3239 3.

185 3269 222 3319 14.
240 3259 282 3304 ire
294 3261 323 3304 et
333 3259 442 3305 dooere.
476 3255 501 3303 S.
514 3255 592 3304 Matt.
605 3254 691 3305 xxviii.
705 3269 744 3321 19.

185 3347 224 3397 15.
239 3337 397 3391 tingendas.
428 3333 474 3382 See
485 3339 551 3389 note.
563 3332 601 3384 ch.
614 3334 636 3383 8.

185 3414 222 3462 18.
241 3415 414 3469 prophetiae.
450 3411 511 3460 Thia
527 3412 596 3460 word
613 3411 663 3460 and
679 3412 714 3460 its
728 3416 846 3476 cognatas
863 3427 928 3460 were
945 3411 1016 3474 early
1026 3409 1152 3474 imported

149 3490 214 3539 from
225 3490 270 3539 the
281 3490 364 3539 Greek
376 3495 403 3538 to
414 3490 465 3538 suit
476 3489 520 3538 thc
532 3490 714 3552 requirements
729 3490 757 3539 of
770 3488 948 3539 ecclesiastical
962 3488 1052 3545 Latin;
1069 3503 1149 3551 comp.

149 3569 275 3618 decorae.
290 3583 318 3627 1;
335 3567 408 3632 Apol.
423 3568 542 3632 19frag.;
560 3569 591 3616 de
607 3570 685 3617 anim.
703 3582 750 3632 35;
768 3569 893 3631 deict3,
908 3577 953 3631 17;
970 3569 1001 3617 de
1016 3581 1149 3618 roacare.

152 3647 381 3710 21;ado.ch.9.

216 3727 318 3773 David.
352 3724 393 3772 Ps.
405 3723 453 3775 cix.
466 3726 497 3784 8;
514 3724 579 3773 Acts
590 3725 606 3773 i.
621 3737 659 3776 20.

185 3815 222 3868 19.
239 3805 368 3853 virtutes.
402 3802 448 3852 See
458 3809 527 3865 note,
538 3803 578 3854 ch.
593 3816 631 3865 13.
