2724 4356
156 311 218 363 css.
234 301 292 368 1V.]
363 291 403 358 de
424 292 684 378 Praescrzptione
706 293 967 361 Haereticorum.
1121 311 1162 379 33

556 662 691 724 CAPUT
712 664 767 728 IV.

202 837 288 912 Qum
306 835 408 916 potius
431 857 572 897 memores
597 836 689 899 simus
713 843 774 897 tam
798 838 1011 898 dominicarum
1033 858 1163 917 pronun·

158 934 318 996 tiatiouum
345 957 433 1014 quam
461 936 686 1014 apostolicarum
714 937 892 1009 litterarum,
920 958 994 1016 quae
1022 936 1106 996 nobis
1133 945 1164 997 et

159 1036 278 1095 futuras
292 1034 424 1094 haereses
437 1035 723 1112 praenuntiaverunt
734 1040 764 1095 et
774 1037 931 1114 fugiendas
941 1036 1162 1114 praefinierunt,

160 1137 192 1194 et
205 1133 284 1192 sicut
297 1152 359 1192 esse
373 1133 441 1192 illas
460 1154 519 1192 non
538 1134 763 1212 expavescimus,
779 1134 821 1193 ita
840 1140 870 1194 et
889 1155 972 1212 posse
990 1134 1030 1206 id,
1046 1138 1165 1212 propter

161 1231 240 1310 quod
269 1230 449 1310 effugiendae
479 1237 555 1305 sunt,
584 1253 643 1292 non
670 1233 820 1292 miremur.
863 1231 991 1293 Instruit
1022 1231 1192 1302 Dominus5

161 1329 272 1390 multos
300 1350 361 1390 esse
388 1335 530 1391 venturos
558 1331 611 1390 sub
639 1331 768 1408 pellibus
795 1330 894 1391 ovium
924 1351 1043 1409 rapaces
1069 1331 1164 1408 lupos.

162 1427 315 1503 Quaenam
335 1428 410 1488 istae
431 1435 501 1488 sunt
521 1429 612 1507 pelles
637 1428 744 1503 ovium,
768 1428 829 1489 nisi
852 1427 978 1488 nominis
1003 1428 1165 1489 Christiani

162 1527 344 1611 extrinsecus
368 1526 556 1605 superficiesl
598 1527 658 1602 Qui
682 1528 746 1607 lupi
774 1548 903 1605 rapaces,
929 1527 986 1586 nisi
1011 1547 1111 1587 sensus
1135 1531 1166 1587 et

161 1624 286 1703 spiritus
306 1625 428 1698 subdoli,
447 1626 483 1684 ad
501 1626 701 1686 infestandum
720 1646 840 1704 gregem
858 1625 971 1686 Ohristi
990 1624 1166 1686 intrinsecus

162 1723 388 1784 delitescentes?
429 1722 488 1798 Qui
507 1724 777 1803 pseudoprophetae
796 1728 874 1797 sunt,
889 1723 948 1784 nisi
966 1724 1033 1784 falsi
1048 1723 1165 1802 praedi·
1181 1740 1211 1776 10

163 1825 298 1882 catoresl
340 1821 400 1897 Qui
417 1824 666 1902 pseudoapostoli,
680 1823 739 1883 nisi
757 1824 884 1883 adulteri
899 1823 1166 1900 evangelizatoresl

164 1920 225 1996 Qui
252 1921 418 1981 antichristi
446 1920 564 1981 interim
591 1926 622 1982 et
649 1942 770 2001 semper,
797 1921 856 1981 nisi
872 1921 996 1982 ‘christi
1023 1923 1166 1982 rebellcsl

164 2021 232 2079 Hoc
260 2025 330 2080 sunt
361 2019 493 2080 haereses
525 2041 583 2080 non
614 2020 711 2080 minus
743 2020 943 2081 doctrinarum
975 2021 1166 2099 perversitate

164 2117 314 2180 ecclesiam
332 2119 510 2193 lacessentes,
527 2139 614 2197 quarn
632 2125 704 2178 tuuc
720 2119 914 2178 antichristus
930 2119 1166 2197 persecutionum

164 2218 316 2277 atrocitate
340 2222 551 2296 persequetur:
583 2217 640 2276 nisi
665 2218 744 2296 quod
772 2217 936 2296 persecutio
963 2223 994 2278 et
1020 2225 1165 2294 martyras
1181 2240 1210 2292 ¹5

164 2314 246 2387 facit,
266 2315 392 2375 haeresis
416 2320 563 2394 apostatas
587 2321 711 2376 tantum.
752 2317 793 2376 Et
814 2316 879 2376 ideo
899 2316 1031 2376 haereses
1052 2336 1166 2394 quoque

164 2415 319 2492 oportebat
341 2434 411 2487 esse,
433 2420 468 2475 ut
492 2415 658 2492 probabiles
681 2416 792 2494 quique
813 2415 1079 2487 manifestarentur,
1102 2421 1166 2475 tam

165 2514 218 2592 qui
235 2514 268 2573 in
286 2513 538 2592 persecutionibus
557 2516 703 2587 steterint,
720 2535 808 2593 quarn
828 2514 880 2593 qui
898 2513 936 2574 ad
955 2514 1087 2574 haereses
1108 2534 1167 2573 non

199 2688 397 2738 (ΜΕΝ-8.
415 2689 586 2744 superficies.
621 2682 988 2751 ‘Theoutwardprolession’:
1006 2703 1033 2736 so
1040 2687 1113 2753 Apol.
1121 2685 1167 2751 463

164 2766 214 2816 but
223 2766 366 2816 'tertullian
383 2781 440 2815 uses
454 2765 506 2814 this
519 2765 590 2815 word
604 2764 668 2815 with
684 2766 855 2815 considerable
871 2765 981 2815 latitudo
996 2766 1024 2814 ol
1031 2766 1165 2830 meaning:

165 2860 221 2910 ag.
234 2845 309 2908 Apol.
327 2845 375 2904 163
401 2845 437 2894 od
454 2848 507 2895 not.
525 2843 747 2909 i.11=‘caput’;
772 2843 804 2893 de
821 2845 881 2896 cult.
893 2845 1000 2910 serati.
1014 2858 1036 2907 1,
1051 2847 1166 2908 23=‘an

165 2939 247 2988 upper
257 2920 402 2987 garment'3
418 2924 482 2974 ado:
495 2922 550 2972 Vol.
565 2924 637 2986 24=‘
645 2921 780 2986 oovering?

201 3014 240 3050 11.
252 3003 376 3051 adulteri
385 3004 633 3061 evangelizatores,
643 3003 651 3028 ‘
661 3003 775 3065 spurious
784 3000 976 3066 evangelizem’3
987 3001 1126 3051 adulteras
1133 3017 1166 3050 an

165 3078 293 3144 adjective
309 3079 377 3129 often
394 3079 467 3128 hears
485 3078 536 3128 this
555 3079 654 3143 passive
673 3096 744 3130 sense
762 3080 790 3129 of
805 3078 986 3141 ‘oouuterleit,'
999 3080 1108 3131 ‘false':
1126 3095 1168 3129 see

167 3158 287 3223 Cyprian,
304 3159 388 3223 Epist.
404 3172 436 3222 45
456 3158 615 3208 ‘adulterum
633 3165 661 3208 et
680 3160 834 3207 contrarium
853 3163 930 3223 caput
949 3164 1020 3208 extra
1037 3159 1167 3208 ecclesiam

166 3235 242 3286 fecit’
255 3235 292 3298 (of
307 3252 323 3285 a
342 3235 485 3285 schismatic
501 3236 621 3299 bishop):
644 3252 671 3285 so
690 3236 719 3285 ol
735 3236 799 3296 coin,
820 3238 881 3287 Ood.
899 3236 1166 3292 Theudosianas:

167 3314 246 3379 Apul
259 3315 365 3365 Metam.
376 3331 401 3365 x.
414 3329 445 3379 9;
462 3314 514 3363 and
525 3314 553 3363 ol
562 3315 673 3379 legends,
685 3315 780 3363 Arnoh.
792 3331 817 3365 v.
832 3316 873 3377 36.
907 3315 992 3380 Gomp.
1002 3314 1090 3375 below,
1098 3314 1137 3366 ch.
1150 3312 1166 3362 6

169 3393 314 3443 ‘adulteras
325 3393 452 3445 doctrinae
462 3390 485 3450 ’;
502 3393 541 3444 ch.
558 3402 586 3456 ¹7
599 3392 714 3442 ‘adulter
725 3392 827 3442 sensus'
840 3394 868 3442 of
877 3411 893 3444 a
903 3394 966 3444 false
978 3395 1096 3458 exegesis.

203 3484 243 3520 12.
260 3474 384 3534 interim,
399 3469 542 3529 ‘hithertc,'
554 3469 655 3521 ‘now’2
673 3487 753 3534 comp.
766 3477 833 3530 note,
845 3472 884 3522 ch.
897 3487 935 3524 ιο.

203 3551 242 3613 13.
262 3554 335 3610 Eoo,
346 3551 364 3600 i.
372 3566 393 3599 e.
408 3549 481 3599 ‘Hoc
493 3548 620 3614 tempore,'
631 3550 739 3614 opposed
750 3555 777 3599 to
790 3548 882 3600 ‘tune'

203 3642 242 3693 15.
258 3630 326 3688 nist,
338 3627 414 3692 ‘only
425 3628 498 3677 there
509 3629 531 3677 is
543 3627 594 3676 this
605 3627 739 3677 difference
748 3625 771 3677 'z
789 3643 831 3677 see
841 3633 909 3684 note.
921 3627 961 3678 ch.
975 3642 998 3679 s.

234 3712 381 3764 martyras.
415 3706 555 3757 Tertullian
579 3705 649 3755 often
663 3708 765 3770 ,prefers
781 3712 808 3755 tc
825 3707 908 3756 retain
924 3707 974 3756 and
996 3704 1168 3771 trausliterate

167 3784 253 3836 Greek
273 3784 403 3834 inflexicns
421 3786 450 3834 iu
467 3785 548 3834 words
566 3784 669 3835 derived
687 3784 752 3833 from
771 3785 816 3834 the
826 3786 927 3835 Greek:
946 3801 1001 3850 ag.
1018 3776 1167 3846 ‘haeresim'

169 3863 265 3920 below3
284 3861 413 3928 ‘agapem’
425 3863 461 3913 ad
469 3866 546 3913 mort.
560 3877 572 3912 2
584 3878 591 3924 ς
608 3860 727 3925 ‘eremo‚’
738 3863 768 3912 de
778 3863 842 3913 idol.
855 3876 878 3927 5.

657 3963 680 4005 1)
