<?xml version="1.0" encoding="UTF-8"?>
<!DOCTYPE html PUBLIC "-//W3C//DTD XHTML 1.0 Transitional//EN"
    "http://www.w3.org/TR/xhtml1/DTD/xhtml1-transitional.dtd">
<html xmlns="http://www.w3.org/1999/xhtml" xml:lang="en" lang="en">
 <head>
  <title>
</title>
<meta http-equiv="Content-Type" content="text/html;charset=utf-8" />
  <meta name='ocr-system' content='tesseract 3.04.00' />
  <meta name='ocr-capabilities' content='ocr_page ocr_carea ocr_par ocr_line ocrx_word'/>
</head>
<body>
  <div class='ocr_page' id='page_1' title='image "./depraescription00tertgoog_0108.png"; bbox 0 0 2724 4356; ppageno 0'>
   <div class='ocr_carea' id='block_1_1' title="bbox 169 251 1166 342">
    <p class='ocr_par' dir='ltr' id='par_1_1' title="bbox 169 251 1166 342">
     <span class='ocr_line' id='line_1_1' title="bbox 169 251 1166 342; baseline 0.011 -32"><span class='ocrx_word' id='word_1_1' title='bbox 169 263 229 311; x_wconf 68' lang='lat' dir='ltr'><strong>cn.</strong></span> <span class='ocrx_word' id='word_1_2' title='bbox 246 259 338 325; x_wconf 73' lang='lat' dir='ltr'><strong>xiii]</strong></span> <span class='ocrx_word' id='word_1_3' title='bbox 373 251 413 315; x_wconf 85' lang='lat' dir='ltr'><strong>de</strong></span> <span class='ocrx_word' id='word_1_4' title='bbox 434 253 693 334; x_wconf 78' lang='lat' dir='ltr'><strong>Praescriptione</strong></span> <span class='ocrx_word' id='word_1_5' title='bbox 714 254 971 320; x_wconf 78' lang='lat' dir='ltr'><strong>Haereticorum.</strong></span> <span class='ocrx_word' id='word_1_6' title='bbox 1125 276 1166 342; x_wconf 86' lang='lat'><strong>93</strong></span> 
     </span>
    </p>
   </div>
   <div class='ocr_carea' id='block_1_2' title="bbox 162 422 1192 1090">
    <p class='ocr_par' dir='ltr' id='par_1_2' title="bbox 162 422 1192 1090">
     <span class='ocr_line' id='line_1_2' title="bbox 208 422 1166 498; baseline 0.006 -16"><span class='ocrx_word' id='word_1_7' title='bbox 208 422 416 484; x_wconf 80' lang='lat' dir='ltr'><strong>Ordinationes</strong></span> <span class='ocrx_word' id='word_1_8' title='bbox 436 446 536 484; x_wconf 89' lang='lat' dir='ltr'><strong>eorum</strong></span> <span class='ocrx_word' id='word_1_9' title='bbox 557 425 735 498; x_wconf 77' lang='lat' dir='ltr'><strong>temerariae,</strong></span> <span class='ocrx_word' id='word_1_10' title='bbox 752 428 839 492; x_wconf 81' lang='lat' dir='ltr'><strong>leves,</strong></span> <span class='ocrx_word' id='word_1_11' title='bbox 853 427 1067 487; x_wconf 87' lang='lat' dir='ltr'><strong>inconstantes:</strong></span> <span class='ocrx_word' id='word_1_12' title='bbox 1089 449 1166 488; x_wconf 91' lang='lat' dir='ltr'><strong>nunc</strong></span> 
     </span>
     <span class='ocr_line' id='line_1_3' title="bbox 165 523 1167 605; baseline 0.008 -26"><span class='ocrx_word' id='word_1_13' title='bbox 165 523 326 600; x_wconf 89' lang='lat' dir='ltr'><strong>neophytos</strong></span> <span class='ocrx_word' id='word_1_14' title='bbox 347 524 498 596; x_wconf 87' lang='lat' dir='ltr'><strong>collocent,</strong></span> <span class='ocrx_word' id='word_1_15' title='bbox 520 544 597 583; x_wconf 89' lang='lat' dir='ltr'><strong>nunc</strong></span> <span class='ocrx_word' id='word_1_16' title='bbox 618 526 714 586; x_wconf 88' lang='lat' dir='ltr'><strong>seculo</strong></span> <span class='ocrx_word' id='word_1_17' title='bbox 736 526 897 600; x_wconf 89' lang='lat' dir='ltr'><strong>obstrictos,</strong></span> <span class='ocrx_word' id='word_1_18' title='bbox 920 548 998 586; x_wconf 90' lang='lat' dir='ltr'><strong>nunc</strong></span> <span class='ocrx_word' id='word_1_19' title='bbox 1019 532 1167 605; x_wconf 86' lang='lat' dir='ltr'><strong>apostatas</strong></span> 
     </span>
     <span class='ocr_line' id='line_1_4' title="bbox 165 622 1166 705; baseline 0.008 -27"><span class='ocrx_word' id='word_1_20' title='bbox 165 629 285 695; x_wconf 89' lang='lat' dir='ltr'><strong>nostros,</strong></span> <span class='ocrx_word' id='word_1_21' title='bbox 308 629 343 681; x_wconf 89' lang='lat' dir='ltr'><strong>ut</strong></span> <span class='ocrx_word' id='word_1_22' title='bbox 364 622 457 700; x_wconf 90' lang='lat' dir='ltr'><strong>gloria</strong></span> <span class='ocrx_word' id='word_1_23' title='bbox 479 643 526 683; x_wconf 86' lang='lat' dir='ltr'><strong>eos</strong></span> <span class='ocrx_word' id='word_1_24' title='bbox 546 624 684 702; x_wconf 88' lang='lat' dir='ltr'><strong>obligent,</strong></span> <span class='ocrx_word' id='word_1_25' title='bbox 707 626 776 701; x_wconf 92' lang='lat' dir='ltr'><strong>quia</strong></span> <span class='ocrx_word' id='word_1_26' title='bbox 798 625 924 685; x_wconf 85' lang='lat' dir='ltr'><strong>veritate</strong></span> <span class='ocrx_word' id='word_1_27' title='bbox 949 647 1009 685; x_wconf 92' lang='lat' dir='ltr'><strong>non</strong></span> <span class='ocrx_word' id='word_1_28' title='bbox 1036 633 1166 705; x_wconf 79' lang='lat' dir='ltr'>possunt.</span> 
     </span>
     <span class='ocr_line' id='line_1_5' title="bbox 164 720 1166 802; baseline 0.006 -24"><span class='ocrx_word' id='word_1_29' title='bbox 164 720 320 797; x_wconf 84' lang='lat' dir='ltr'><strong>Nusquam</strong></span> <span class='ocrx_word' id='word_1_30' title='bbox 339 722 456 780; x_wconf 75' lang='lat' dir='ltr'>facilius</span> <span class='ocrx_word' id='word_1_31' title='bbox 476 722 636 800; x_wconf 90' lang='lat' dir='ltr'><strong>proficitur,</strong></span> <span class='ocrx_word' id='word_1_32' title='bbox 651 745 738 802; x_wconf 91' lang='lat' dir='ltr'><strong>quam</strong></span> <span class='ocrx_word' id='word_1_33' title='bbox 758 724 790 783; x_wconf 90' lang='lat' dir='ltr'><strong>in</strong></span> <span class='ocrx_word' id='word_1_34' title='bbox 812 726 914 784; x_wconf 87' lang='lat' dir='ltr'><strong>castris</strong></span> <span class='ocrx_word' id='word_1_35' title='bbox 935 725 1097 798; x_wconf 85' lang='lat' dir='ltr'><strong>rebellium,</strong></span> <span class='ocrx_word' id='word_1_36' title='bbox 1114 726 1166 785; x_wconf 92' lang='lat' dir='ltr'><strong>ubi</strong></span> 
     </span>
     <span class='ocr_line' id='line_1_6' title="bbox 163 819 1192 902; baseline 0.007 -26"><span class='ocrx_word' id='word_1_37' title='bbox 163 819 260 896; x_wconf 94' lang='lat' dir='ltr'><strong>ipsum</strong></span> <span class='ocrx_word' id='word_1_38' title='bbox 274 840 335 879; x_wconf 90' lang='lat' dir='ltr'><strong>esse</strong></span> <span class='ocrx_word' id='word_1_39' title='bbox 349 821 418 893; x_wconf 90' lang='lat' dir='ltr'><strong>illic,</strong></span> <span class='ocrx_word' id='word_1_40' title='bbox 432 821 592 899; x_wconf 90' lang='lat' dir='ltr'><strong>promereri</strong></span> <span class='ocrx_word' id='word_1_41' title='bbox 606 827 659 882; x_wconf 89' lang='lat' dir='ltr'><strong>est.</strong></span> <span class='ocrx_word' id='word_1_42' title='bbox 695 822 802 899; x_wconf 90' lang='lat' dir='ltr'><strong>Itaque</strong></span> <span class='ocrx_word' id='word_1_43' title='bbox 817 823 891 882; x_wconf 91' lang='lat' dir='ltr'><strong>alius</strong></span> <span class='ocrx_word' id='word_1_44' title='bbox 904 823 989 882; x_wconf 92' lang='lat' dir='ltr'><strong>hodie</strong></span> <span class='ocrx_word' id='word_1_45' title='bbox 1004 824 1163 902; x_wconf 86' lang='lat' dir='ltr'><strong>episcopus,</strong></span> <span class='ocrx_word' id='word_1_46' title='bbox 1178 839 1192 890; x_wconf 85' lang='lat'>5</span> 
     </span>
     <span class='ocr_line' id='line_1_7' title="bbox 163 919 1163 1000; baseline 0.008 -26"><span class='ocrx_word' id='word_1_47' title='bbox 163 937 227 977; x_wconf 88' lang='lat' dir='ltr'><strong>cras</strong></span> <span class='ocrx_word' id='word_1_48' title='bbox 241 919 333 992; x_wconf 88' lang='lat' dir='ltr'><strong>alius;</strong></span> <span class='ocrx_word' id='word_1_49' title='bbox 354 920 441 978; x_wconf 89' lang='lat' dir='ltr'><strong>hodie</strong></span> <span class='ocrx_word' id='word_1_50' title='bbox 455 920 604 993; x_wconf 88' lang='lat' dir='ltr'><strong>diaconus,</strong></span> <span class='ocrx_word' id='word_1_51' title='bbox 620 921 672 998; x_wconf 91' lang='lat' dir='ltr'><strong>qui</strong></span> <span class='ocrx_word' id='word_1_52' title='bbox 686 942 749 981; x_wconf 89' lang='lat' dir='ltr'><strong>cras</strong></span> <span class='ocrx_word' id='word_1_53' title='bbox 764 921 855 981; x_wconf 90' lang='lat' dir='ltr'><strong>lector</strong></span> <span class='ocrx_word' id='word_1_54' title='bbox 864 944 872 996; x_wconf 91' lang='lat'>;</span> <span class='ocrx_word' id='word_1_55' title='bbox 894 921 981 981; x_wconf 91' lang='lat' dir='ltr'><strong>hodie</strong></span> <span class='ocrx_word' id='word_1_56' title='bbox 1001 924 1163 1000; x_wconf 73' lang='lat' dir='ltr'><strong>presbyter,</strong></span> 
     </span>
     <span class='ocr_line' id='line_1_8' title="bbox 162 1013 1164 1090; baseline 0.006 -20"><span class='ocrx_word' id='word_1_57' title='bbox 162 1013 213 1090; x_wconf 90' lang='lat' dir='ltr'><strong>qui</strong></span> <span class='ocrx_word' id='word_1_58' title='bbox 231 1034 295 1073; x_wconf 91' lang='lat' dir='ltr'><strong>cras</strong></span> <span class='ocrx_word' id='word_1_59' title='bbox 317 1014 428 1075; x_wconf 88' lang='lat' dir='ltr'><strong>laicus:</strong></span> <span class='ocrx_word' id='word_1_60' title='bbox 460 1035 530 1075; x_wconf 91' lang='lat' dir='ltr'><strong>nam</strong></span> <span class='ocrx_word' id='word_1_61' title='bbox 554 1020 585 1074; x_wconf 88' lang='lat' dir='ltr'><strong>et</strong></span> <span class='ocrx_word' id='word_1_62' title='bbox 605 1015 687 1076; x_wconf 88' lang='lat' dir='ltr'><strong>laicis</strong></span> <span class='ocrx_word' id='word_1_63' title='bbox 711 1016 902 1076; x_wconf 78' lang='lat' dir='ltr'><strong>sacerdotalia</strong></span> <span class='ocrx_word' id='word_1_64' title='bbox 922 1037 1043 1076; x_wconf 90' lang='lat' dir='ltr'><strong>munera</strong></span> <span class='ocrx_word' id='word_1_65' title='bbox 1065 1017 1164 1076; x_wconf 91' lang='lat' dir='ltr'><strong>iniun-</strong></span> 
     </span>
    </p>
   </div>
   <div class='ocr_carea' id='block_1_3' title="bbox 161 1120 245 1188">
    <p class='ocr_par' dir='ltr' id='par_1_3' title="bbox 161 1120 245 1188">
     <span class='ocr_line' id='line_1_9' title="bbox 161 1120 245 1188; baseline 0 -16"><span class='ocrx_word' id='word_1_66' title='bbox 161 1120 245 1188; x_wconf 85' lang='lat' dir='ltr'><strong>gunt.</strong></span> 
     </span>
    </p>
   </div>
   <div class='ocr_carea' id='block_1_4' title="bbox 537 1315 792 1374">
    <p class='ocr_par' dir='ltr' id='par_1_4' title="bbox 537 1315 792 1374">
     <span class='ocr_line' id='line_1_10' title="bbox 537 1315 792 1374; baseline -0.008 0"><span class='ocrx_word' id='word_1_67' title='bbox 537 1315 671 1374; x_wconf 82' lang='lat' dir='ltr'>CAPUT</span> <span class='ocrx_word' id='word_1_68' title='bbox 692 1315 792 1373; x_wconf 85' lang='lat' dir='ltr'>XLII.</span> 
     </span>
    </p>
   </div>
   <div class='ocr_carea' id='block_1_5' title="bbox 157 1465 1208 2234">
    <p class='ocr_par' dir='ltr' id='par_1_5' title="bbox 157 1465 1208 2234">
     <span class='ocr_line' id='line_1_11' title="bbox 202 1465 1163 1542; baseline 0.005 -20"><span class='ocrx_word' id='word_1_69' title='bbox 202 1465 251 1522; x_wconf 86' lang='lat' dir='ltr'><strong>Dn</strong></span> <span class='ocrx_word' id='word_1_70' title='bbox 264 1465 348 1525; x_wconf 87' lang='lat' dir='ltr'><strong>verbi</strong></span> <span class='ocrx_word' id='word_1_71' title='bbox 362 1470 461 1524; x_wconf 91' lang='lat' dir='ltr'><strong>autem</strong></span> <span class='ocrx_word' id='word_1_72' title='bbox 475 1465 729 1524; x_wconf 85' lang='lat' dir='ltr'><strong>administratione</strong></span> <span class='ocrx_word' id='word_1_73' title='bbox 748 1465 821 1542; x_wconf 91' lang='lat' dir='ltr'><strong>quid</strong></span> <span class='ocrx_word' id='word_1_74' title='bbox 841 1465 945 1538; x_wconf 91' lang='lat' dir='ltr'><strong>dicam,</strong></span> <span class='ocrx_word' id='word_1_75' title='bbox 960 1487 1027 1525; x_wconf 90' lang='lat' dir='ltr'><strong>cum</strong></span> <span class='ocrx_word' id='word_1_76' title='bbox 1048 1467 1101 1527; x_wconf 93' lang='lat' dir='ltr'><strong>hoc</strong></span> <span class='ocrx_word' id='word_1_77' title='bbox 1123 1467 1163 1528; x_wconf 92' lang='lat' dir='ltr'><strong>sit</strong></span> 
     </span>
     <span class='ocr_line' id='line_1_12' title="bbox 161 1563 1208 1642; baseline 0.003 -20"><span class='ocrx_word' id='word_1_78' title='bbox 161 1564 309 1642; x_wconf 84' lang='lat' dir='ltr'><strong>negotium</strong></span> <span class='ocrx_word' id='word_1_79' title='bbox 331 1565 400 1636; x_wconf 90' lang='lat' dir='ltr'><strong>illis,</strong></span> <span class='ocrx_word' id='word_1_80' title='bbox 418 1584 477 1623; x_wconf 92' lang='lat' dir='ltr'><strong>non</strong></span> <span class='ocrx_word' id='word_1_81' title='bbox 499 1564 629 1623; x_wconf 89' lang='lat' dir='ltr'><strong>ethnicos</strong></span> <span class='ocrx_word' id='word_1_82' title='bbox 650 1563 849 1634; x_wconf 88' lang='lat' dir='ltr'><strong>convertendi,</strong></span> <span class='ocrx_word' id='word_1_83' title='bbox 873 1566 924 1624; x_wconf 86' lang='lat' dir='ltr'><strong>sed</strong></span> <span class='ocrx_word' id='word_1_84' title='bbox 946 1571 1059 1625; x_wconf 90' lang='lat' dir='ltr'><strong>nostros</strong></span> <span class='ocrx_word' id='word_1_85' title='bbox 1081 1588 1161 1626; x_wconf 87' lang='lat' dir='ltr'><strong>ever·</strong></span> <span class='ocrx_word' id='word_1_86' title='bbox 1178 1588 1208 1625; x_wconf 93' lang='lat'><strong>10</strong></span> 
     </span>
     <span class='ocr_line' id='line_1_13' title="bbox 159 1663 1162 1741; baseline 0.003 -20"><span class='ocrx_word' id='word_1_87' title='bbox 159 1664 261 1722; x_wconf 84' lang='lat' dir='ltr'><strong>tendil</strong></span> <span class='ocrx_word' id='word_1_88' title='bbox 304 1664 391 1722; x_wconf 88' lang='lat' dir='ltr'><strong>Hanc</strong></span> <span class='ocrx_word' id='word_1_89' title='bbox 412 1663 507 1740; x_wconf 84' lang='lat' dir='ltr'><strong>magis</strong></span> <span class='ocrx_word' id='word_1_90' title='bbox 529 1663 650 1740; x_wconf 86' lang='lat' dir='ltr'><strong>gloriam</strong></span> <span class='ocrx_word' id='word_1_91' title='bbox 671 1668 802 1741; x_wconf 90' lang='lat' dir='ltr'><strong>captant,</strong></span> <span class='ocrx_word' id='word_1_92' title='bbox 824 1663 850 1722; x_wconf 91' lang='lat' dir='ltr'><strong>si</strong></span> <span class='ocrx_word' id='word_1_93' title='bbox 871 1665 1017 1724; x_wconf 86' lang='lat' dir='ltr'><strong>stantibus</strong></span> <span class='ocrx_word' id='word_1_94' title='bbox 1038 1667 1162 1738; x_wconf 89' lang='lat' dir='ltr'><strong>ruinam,</strong></span> 
     </span>
     <span class='ocr_line' id='line_1_14' title="bbox 159 1761 1162 1844; baseline 0.006 -26"><span class='ocrx_word' id='word_1_95' title='bbox 159 1781 218 1820; x_wconf 94' lang='lat' dir='ltr'><strong>non</strong></span> <span class='ocrx_word' id='word_1_96' title='bbox 232 1761 255 1821; x_wconf 92' lang='lat' dir='ltr'><strong>si</strong></span> <span class='ocrx_word' id='word_1_97' title='bbox 271 1762 434 1821; x_wconf 88' lang='lat' dir='ltr'><strong>iacentibus</strong></span> <span class='ocrx_word' id='word_1_98' title='bbox 447 1762 641 1822; x_wconf 85' lang='lat' dir='ltr'><strong>elevationem</strong></span> <span class='ocrx_word' id='word_1_99' title='bbox 652 1770 816 1839; x_wconf 89' lang='lat' dir='ltr'><strong>operentur.</strong></span> <span class='ocrx_word' id='word_1_100' title='bbox 860 1764 1005 1837; x_wconf 78' lang='lat' dir='ltr'><strong>Quoniam</strong></span> <span class='ocrx_word' id='word_1_101' title='bbox 1019 1771 1050 1824; x_wconf 90' lang='lat' dir='ltr'><strong>et</strong></span> <span class='ocrx_word' id='word_1_102' title='bbox 1064 1764 1162 1844; x_wconf 92' lang='lat' dir='ltr'><strong>ipsum</strong></span> 
     </span>
     <span class='ocr_line' id='line_1_15' title="bbox 159 1861 1160 1940; baseline 0.004 -22"><span class='ocrx_word' id='word_1_103' title='bbox 159 1880 233 1939; x_wconf 90' lang='lat' dir='ltr'><strong>opus</strong></span> <span class='ocrx_word' id='word_1_104' title='bbox 247 1881 347 1921; x_wconf 91' lang='lat' dir='ltr'><strong>eorum</strong></span> <span class='ocrx_word' id='word_1_105' title='bbox 365 1882 423 1920; x_wconf 93' lang='lat' dir='ltr'><strong>non</strong></span> <span class='ocrx_word' id='word_1_106' title='bbox 442 1862 477 1920; x_wconf 92' lang='lat' dir='ltr'><strong>de</strong></span> <span class='ocrx_word' id='word_1_107' title='bbox 499 1882 551 1920; x_wconf 87' lang='lat' dir='ltr'><strong>suo</strong></span> <span class='ocrx_word' id='word_1_108' title='bbox 572 1861 690 1940; x_wconf 91' lang='lat' dir='ltr'><strong>proprio</strong></span> <span class='ocrx_word' id='word_1_109' title='bbox 711 1861 844 1921; x_wconf 89' lang='lat' dir='ltr'><strong>aedificio</strong></span> <span class='ocrx_word' id='word_1_110' title='bbox 857 1862 947 1934; x_wconf 86' lang='lat' dir='ltr'><strong>venit,</strong></span> <span class='ocrx_word' id='word_1_111' title='bbox 963 1864 1015 1923; x_wconf 91' lang='lat' dir='ltr'><strong>eed</strong></span> <span class='ocrx_word' id='word_1_112' title='bbox 1034 1864 1070 1922; x_wconf 91' lang='lat' dir='ltr'><strong>de</strong></span> <span class='ocrx_word' id='word_1_113' title='bbox 1084 1865 1160 1924; x_wconf 87' lang='lat' dir='ltr'><strong>veri-</strong></span> 
     </span>
     <span class='ocr_line' id='line_1_16' title="bbox 157 1960 1159 2033; baseline 0.004 -14"><span class='ocrx_word' id='word_1_114' title='bbox 157 1960 228 2019; x_wconf 89' lang='lat' dir='ltr'><strong>tatis</strong></span> <span class='ocrx_word' id='word_1_115' title='bbox 259 1961 464 2033; x_wconf 86' lang='lat' dir='ltr'><strong>destructione,</strong></span> <span class='ocrx_word' id='word_1_116' title='bbox 501 1968 600 2021; x_wconf 91' lang='lat' dir='ltr'><strong>nostra</strong></span> <span class='ocrx_word' id='word_1_117' title='bbox 635 1960 804 2033; x_wconf 86' lang='lat' dir='ltr'><strong>suffodiunt,</strong></span> <span class='ocrx_word' id='word_1_118' title='bbox 840 1968 875 2020; x_wconf 91' lang='lat' dir='ltr'><strong>ut</strong></span> <span class='ocrx_word' id='word_1_119' title='bbox 910 1983 962 2020; x_wconf 90' lang='lat' dir='ltr'><strong>sua</strong></span> <span class='ocrx_word' id='word_1_120' title='bbox 996 1962 1159 2025; x_wconf 87' lang='lat' dir='ltr'><strong>aedificent.</strong></span> 
     </span>
     <span class='ocr_line' id='line_1_17' title="bbox 158 2059 1204 2137; baseline 0.001 -21"><span class='ocrx_word' id='word_1_121' title='bbox 158 2059 264 2118; x_wconf 88' lang='lat' dir='ltr'><strong>Adime</strong></span> <span class='ocrx_word' id='word_1_122' title='bbox 283 2059 344 2118; x_wconf 89' lang='lat' dir='ltr'><strong>illis</strong></span> <span class='ocrx_word' id='word_1_123' title='bbox 364 2061 457 2137; x_wconf 89' lang='lat' dir='ltr'><strong>legem</strong></span> <span class='ocrx_word' id='word_1_124' title='bbox 479 2059 574 2136; x_wconf 83' lang='lat' dir='ltr'><strong>Moysi</strong></span> <span class='ocrx_word' id='word_1_125' title='bbox 595 2067 625 2118; x_wconf 94' lang='lat' dir='ltr'><strong>et</strong></span> <span class='ocrx_word' id='word_1_126' title='bbox 644 2059 809 2137; x_wconf 90' lang='lat' dir='ltr'><strong>prophetas,</strong></span> <span class='ocrx_word' id='word_1_127' title='bbox 825 2065 854 2118; x_wconf 90' lang='lat' dir='ltr'><strong>et</strong></span> <span class='ocrx_word' id='word_1_128' title='bbox 875 2066 1033 2119; x_wconf 86' lang='lat' dir='ltr'><strong>creatorem</strong></span> <span class='ocrx_word' id='word_1_129' title='bbox 1052 2061 1157 2134; x_wconf 90' lang='lat' dir='ltr'><strong>Deum,</strong></span> <span class='ocrx_word' id='word_1_130' title='bbox 1176 2084 1204 2134; x_wconf 86' lang='lat'><strong>15</strong></span> 
     </span>
     <span class='ocr_line' id='line_1_18' title="bbox 157 2157 1158 2234; baseline 0.001 -16"><span class='ocrx_word' id='word_1_131' title='bbox 157 2157 372 2218; x_wconf 85' lang='lat' dir='ltr'><strong>accusationem</strong></span> <span class='ocrx_word' id='word_1_132' title='bbox 393 2157 491 2234; x_wconf 89' lang='lat' dir='ltr'><strong>eloqui</strong></span> <span class='ocrx_word' id='word_1_133' title='bbox 511 2179 570 2216; x_wconf 93' lang='lat' dir='ltr'><strong>non</strong></span> <span class='ocrx_word' id='word_1_134' title='bbox 590 2158 708 2218; x_wconf 84' lang='lat' dir='ltr'><strong>habent.</strong></span> <span class='ocrx_word' id='word_1_135' title='bbox 750 2159 798 2216; x_wconf 88' lang='lat' dir='ltr'><strong>Ita</strong></span> <span class='ocrx_word' id='word_1_136' title='bbox 819 2158 854 2216; x_wconf 82' lang='lat' dir='ltr'><strong>fit</strong></span> <span class='ocrx_word' id='word_1_137' title='bbox 875 2163 910 2216; x_wconf 92' lang='lat' dir='ltr'><strong>ut</strong></span> <span class='ocrx_word' id='word_1_138' title='bbox 928 2157 1029 2217; x_wconf 85' lang='lat' dir='ltr'><strong>ruinas</strong></span> <span class='ocrx_word' id='word_1_139' title='bbox 1042 2159 1158 2219; x_wconf 91' lang='lat' dir='ltr'><strong>facilius</strong></span> 
     </span>
    </p>
   </div>
   <div class='ocr_carea' id='block_1_6' title="bbox 151 2391 1157 3868">
    <p class='ocr_par' dir='ltr' id='par_1_6' title="bbox 154 2391 1157 2847">
     <span class='ocr_line' id='line_1_19' title="bbox 156 2391 1157 2459; baseline 0.002 -17"><span class='ocrx_word' id='word_1_140' title='bbox 156 2395 233 2459; x_wconf 90' lang='lat' dir='ltr'><strong>loqui,</strong></span> <span class='ocrx_word' id='word_1_141' title='bbox 247 2395 289 2444; x_wconf 88' lang='lat' dir='ltr'><strong>sed</strong></span> <span class='ocrx_word' id='word_1_142' title='bbox 300 2410 347 2443; x_wconf 91' lang='lat' dir='ltr'><strong>nec</strong></span> <span class='ocrx_word' id='word_1_143' title='bbox 359 2394 454 2454; x_wconf 88' lang='lat' dir='ltr'><strong>docere,</strong></span> <span class='ocrx_word' id='word_1_144' title='bbox 464 2409 511 2442; x_wconf 90' lang='lat' dir='ltr'><strong>neo</strong></span> <span class='ocrx_word' id='word_1_145' title='bbox 521 2394 627 2457; x_wconf 89' lang='lat' dir='ltr'><strong>tingere,</strong></span> <span class='ocrx_word' id='word_1_146' title='bbox 636 2409 683 2442; x_wconf 92' lang='lat' dir='ltr'><strong>nec</strong></span> <span class='ocrx_word' id='word_1_147' title='bbox 691 2393 787 2449; x_wconf 85' lang='lat' dir='ltr'><strong>offerre.</strong></span> <span class='ocrx_word' id='word_1_148' title='bbox 797 2409 843 2441; x_wconf 88' lang='lat' dir='ltr'><strong>nec</strong></span> <span class='ocrx_word' id='word_1_149' title='bbox 854 2392 931 2441; x_wconf 91' lang='lat' dir='ltr'><strong>ullius</strong></span> <span class='ocrx_word' id='word_1_150' title='bbox 944 2391 1025 2441; x_wconf 88' lang='lat' dir='ltr'><strong>virilis</strong></span> <span class='ocrx_word' id='word_1_151' title='bbox 1035 2395 1157 2456; x_wconf 87' lang='lat' dir='ltr'><strong>muneris,</strong></span> 
     </span>
     <span class='ocr_line' id='line_1_20' title="bbox 156 2470 1157 2536; baseline 0.001 -15"><span class='ocrx_word' id='word_1_152' title='bbox 156 2474 249 2522; x_wconf 89' lang='lat' dir='ltr'><strong>nedum</strong></span> <span class='ocrx_word' id='word_1_153' title='bbox 267 2473 427 2523; x_wconf 86' lang='lat' dir='ltr'><strong>sacerdotalis</strong></span> <span class='ocrx_word' id='word_1_154' title='bbox 444 2471 518 2521; x_wconf 88' lang='lat' dir='ltr'><strong>officii</strong></span> <span class='ocrx_word' id='word_1_155' title='bbox 536 2476 629 2521; x_wconf 84' lang='lat' dir='ltr'><strong>sortem</strong></span> <span class='ocrx_word' id='word_1_156' title='bbox 645 2470 694 2520; x_wconf 92' lang='lat' dir='ltr'><strong>sibi</strong></span> <span class='ocrx_word' id='word_1_157' title='bbox 705 2470 849 2520; x_wconf 67' lang='lat' dir='ltr'><strong>vindicare!</strong></span> <span class='ocrx_word' id='word_1_158' title='bbox 883 2473 925 2520; x_wconf 89' lang='lat' dir='ltr'><strong>De</strong></span> <span class='ocrx_word' id='word_1_159' title='bbox 936 2471 1006 2536; x_wconf 80' lang='lat' dir='ltr'><strong>bapt.</strong></span> <span class='ocrx_word' id='word_1_160' title='bbox 1021 2483 1050 2536; x_wconf 82' lang='lat'><strong>17</strong></span> <span class='ocrx_word' id='word_1_161' title='bbox 1064 2473 1157 2522; x_wconf 88' lang='lat' dir='ltr'><strong>‘Petu-</strong></span> 
     </span>
     <span class='ocr_line' id='line_1_21' title="bbox 155 2549 1157 2614; baseline -0.002 -12"><span class='ocrx_word' id='word_1_162' title='bbox 155 2553 251 2602; x_wconf 83' lang='lat' dir='ltr'><strong>lantiae</strong></span> <span class='ocrx_word' id='word_1_163' title='bbox 278 2557 363 2602; x_wconf 87' lang='lat' dir='ltr'><strong>autem</strong></span> <span class='ocrx_word' id='word_1_164' title='bbox 392 2551 491 2610; x_wconf 84' lang='lat' dir='ltr'><strong>mulier,</strong></span> <span class='ocrx_word' id='word_1_165' title='bbox 515 2566 581 2614; x_wconf 91' lang='lat' dir='ltr'><strong>quae</strong></span> <span class='ocrx_word' id='word_1_166' title='bbox 608 2551 740 2613; x_wconf 88' lang='lat' dir='ltr'><strong>usurpavit</strong></span> <span class='ocrx_word' id='word_1_167' title='bbox 767 2549 865 2610; x_wconf 89' lang='lat' dir='ltr'><strong>dooere,</strong></span> <span class='ocrx_word' id='word_1_168' title='bbox 889 2551 978 2614; x_wconf 89' lang='lat' dir='ltr'><strong>utique</strong></span> <span class='ocrx_word' id='word_1_169' title='bbox 1003 2566 1054 2598; x_wconf 93' lang='lat' dir='ltr'><strong>non</strong></span> <span class='ocrx_word' id='word_1_170' title='bbox 1080 2551 1157 2600; x_wconf 86' lang='lat' dir='ltr'><strong>etiam</strong></span> 
     </span>
     <span class='ocr_line' id='line_1_22' title="bbox 155 2626 1155 2696; baseline 0 -17"><span class='ocrx_word' id='word_1_171' title='bbox 155 2631 268 2696; x_wconf 86' lang='lat' dir='ltr'><strong>tingendi</strong></span> <span class='ocrx_word' id='word_1_172' title='bbox 285 2631 325 2679; x_wconf 90' lang='lat' dir='ltr'><strong>ius</strong></span> <span class='ocrx_word' id='word_1_173' title='bbox 344 2631 393 2679; x_wconf 90' lang='lat' dir='ltr'><strong>sibi</strong></span> <span class='ocrx_word' id='word_1_174' title='bbox 411 2626 509 2694; x_wconf 87' lang='lat' dir='ltr'><strong>pariet,’</strong></span> <span class='ocrx_word' id='word_1_175' title='bbox 529 2629 573 2678; x_wconf 79' lang='lat' dir='ltr'><strong>icc.</strong></span> <span class='ocrx_word' id='word_1_176' title='bbox 606 2629 693 2693; x_wconf 84' lang='lat' dir='ltr'><strong>Comp.</strong></span> <span class='ocrx_word' id='word_1_177' title='bbox 708 2628 795 2693; x_wconf 81' lang='lat' dir='ltr'><strong>Apoet.</strong></span> <span class='ocrx_word' id='word_1_178' title='bbox 818 2629 906 2678; x_wconf 78' lang='lat' dir='ltr'><strong>Ornat.</strong></span> <span class='ocrx_word' id='word_1_179' title='bbox 924 2629 959 2678; x_wconf 86' lang='lat' dir='ltr'><strong>iii.</strong></span> <span class='ocrx_word' id='word_1_180' title='bbox 979 2643 1013 2691; x_wconf 75' lang='lat'><strong>95</strong></span> <span class='ocrx_word' id='word_1_181' title='bbox 1030 2628 1155 2694; x_wconf 81' lang='lat' dir='ltr'><strong>Epiphan.</strong></span> 
     </span>
     <span class='ocr_line' id='line_1_23' title="bbox 154 2710 298 2761; baseline 0 -2"><span class='ocrx_word' id='word_1_182' title='bbox 154 2710 235 2761; x_wconf 84' lang='lat' dir='ltr'><strong>Haer.</strong></span> <span class='ocrx_word' id='word_1_183' title='bbox 247 2711 298 2759; x_wconf 85' lang='lat' dir='ltr'><strong>lxx.</strong></span> 
     </span>
     <span class='ocr_line' id='line_1_24' title="bbox 190 2783 600 2847; baseline -0.015 -9"><span class='ocrx_word' id='word_1_184' title='bbox 190 2802 211 2837; x_wconf 83' lang='lat'><strong>2.</strong></span> <span class='ocrx_word' id='word_1_185' title='bbox 229 2790 392 2847; x_wconf 76' lang='lat' dir='ltr'><strong>neophytos.</strong></span> <span class='ocrx_word' id='word_1_186' title='bbox 430 2787 517 2836; x_wconf 81' lang='lat' dir='ltr'><strong>1&#39;lim.</strong></span> <span class='ocrx_word' id='word_1_187' title='bbox 528 2784 564 2835; x_wconf 87' lang='lat' dir='ltr'><strong>iii.</strong></span> <span class='ocrx_word' id='word_1_188' title='bbox 577 2783 600 2833; x_wconf 89' lang='lat'><strong>6.</strong></span> 
     </span>
    </p>

    <p class='ocr_par' dir='ltr' id='par_1_7' title="bbox 154 2862 1156 3011">
     <span class='ocr_line' id='line_1_25' title="bbox 220 2862 1156 2926; baseline -0.004 -10"><span class='ocrx_word' id='word_1_189' title='bbox 220 2871 332 2917; x_wconf 87' lang='lat' dir='ltr'><strong>saeculo</strong></span> <span class='ocrx_word' id='word_1_190' title='bbox 343 2868 504 2916; x_wconf 82' lang='lat' dir='ltr'><strong>obstrictos.</strong></span> <span class='ocrx_word' id='word_1_191' title='bbox 539 2864 580 2914; x_wconf 94' lang='lat' dir='ltr'><strong>On</strong></span> <span class='ocrx_word' id='word_1_192' title='bbox 596 2865 692 2914; x_wconf 89' lang='lat' dir='ltr'><strong>secular</strong></span> <span class='ocrx_word' id='word_1_193' title='bbox 708 2863 803 2912; x_wconf 87' lang='lat' dir='ltr'><strong>service</strong></span> <span class='ocrx_word' id='word_1_194' title='bbox 818 2878 845 2912; x_wconf 88' lang='lat' dir='ltr'><strong>as</strong></span> <span class='ocrx_word' id='word_1_195' title='bbox 861 2878 876 2910; x_wconf 93' lang='lat' dir='ltr'><strong>a</strong></span> <span class='ocrx_word' id='word_1_196' title='bbox 891 2862 1102 2926; x_wconf 86' lang='lat' dir='ltr'><strong>disqualiflcation</strong></span> <span class='ocrx_word' id='word_1_197' title='bbox 1117 2864 1156 2913; x_wconf 84' lang='lat' dir='ltr'><strong>for</strong></span> 
     </span>
     <span class='ocr_line' id='line_1_26' title="bbox 154 2943 675 3011; baseline -0.012 -15"><span class='ocrx_word' id='word_1_198' title='bbox 154 2946 225 3011; x_wconf 84' lang='lat' dir='ltr'><strong>Holy</strong></span> <span class='ocrx_word' id='word_1_199' title='bbox 235 2947 334 3006; x_wconf 89' lang='lat' dir='ltr'><strong>Orders,</strong></span> <span class='ocrx_word' id='word_1_200' title='bbox 346 2961 387 2994; x_wconf 86' lang='lat' dir='ltr'><strong>see</strong></span> <span class='ocrx_word' id='word_1_201' title='bbox 398 2944 523 3008; x_wconf 82' lang='lat' dir='ltr'><strong>Bingham</strong></span> <span class='ocrx_word' id='word_1_202' title='bbox 533 2945 594 2993; x_wconf 69' lang='lat' dir='ltr'><strong>Aac.</strong></span> <span class='ocrx_word' id='word_1_203' title='bbox 606 2943 640 2993; x_wconf 86' lang='lat' dir='ltr'><strong>iv.</strong></span> <span class='ocrx_word' id='word_1_204' title='bbox 652 2958 675 3006; x_wconf 84' lang='lat'><strong>4.</strong></span> 
     </span>
    </p>

    <p class='ocr_par' dir='ltr' id='par_1_8' title="bbox 153 3019 1155 3243">
     <span class='ocr_line' id='line_1_27' title="bbox 188 3019 1155 3082; baseline -0.004 -9"><span class='ocrx_word' id='word_1_205' title='bbox 188 3023 212 3074; x_wconf 87' lang='lat'><strong>6.</strong></span> <span class='ocrx_word' id='word_1_206' title='bbox 228 3029 326 3075; x_wconf 88' lang='lat' dir='ltr'><strong>lector.</strong></span> <span class='ocrx_word' id='word_1_207' title='bbox 360 3023 420 3071; x_wconf 86' lang='lat' dir='ltr'><strong>This</strong></span> <span class='ocrx_word' id='word_1_208' title='bbox 435 3022 457 3071; x_wconf 89' lang='lat' dir='ltr'><strong>is</strong></span> <span class='ocrx_word' id='word_1_209' title='bbox 472 3023 517 3071; x_wconf 87' lang='lat' dir='ltr'><strong>the</strong></span> <span class='ocrx_word' id='word_1_210' title='bbox 533 3023 588 3070; x_wconf 86' lang='lat' dir='ltr'><strong>first</strong></span> <span class='ocrx_word' id='word_1_211' title='bbox 605 3021 717 3070; x_wconf 86' lang='lat' dir='ltr'><strong>mention</strong></span> <span class='ocrx_word' id='word_1_212' title='bbox 733 3019 761 3069; x_wconf 82' lang='lat' dir='ltr'><strong>of</strong></span> <span class='ocrx_word' id='word_1_213' title='bbox 775 3019 818 3069; x_wconf 90' lang='lat' dir='ltr'><strong>the</strong></span> <span class='ocrx_word' id='word_1_214' title='bbox 836 3019 916 3068; x_wconf 89' lang='lat' dir='ltr'><strong>Order</strong></span> <span class='ocrx_word' id='word_1_215' title='bbox 931 3020 960 3068; x_wconf 82' lang='lat' dir='ltr'><strong>of</strong></span> <span class='ocrx_word' id='word_1_216' title='bbox 973 3020 1092 3082; x_wconf 85' lang='lat' dir='ltr'><strong>Readers,</strong></span> <span class='ocrx_word' id='word_1_217' title='bbox 1110 3020 1155 3071; x_wconf 90' lang='lat' dir='ltr'><strong>the</strong></span> 
     </span>
     <span class='ocr_line' id='line_1_28' title="bbox 153 3099 1153 3163; baseline -0.007 -10"><span class='ocrx_word' id='word_1_218' title='bbox 153 3103 234 3153; x_wconf 88' lang='lat' dir='ltr'><strong>oldest</strong></span> <span class='ocrx_word' id='word_1_219' title='bbox 251 3103 279 3153; x_wconf 85' lang='lat' dir='ltr'><strong>of</strong></span> <span class='ocrx_word' id='word_1_220' title='bbox 292 3102 337 3151; x_wconf 90' lang='lat' dir='ltr'><strong>the</strong></span> <span class='ocrx_word' id='word_1_221' title='bbox 354 3104 435 3151; x_wconf 90' lang='lat' dir='ltr'><strong>minor</strong></span> <span class='ocrx_word' id='word_1_222' title='bbox 451 3101 542 3158; x_wconf 86' lang='lat' dir='ltr'><strong>orders,</strong></span> <span class='ocrx_word' id='word_1_223' title='bbox 560 3101 610 3149; x_wconf 88' lang='lat' dir='ltr'><strong>and</strong></span> <span class='ocrx_word' id='word_1_224' title='bbox 627 3101 686 3148; x_wconf 90' lang='lat' dir='ltr'><strong>thus</strong></span> <span class='ocrx_word' id='word_1_225' title='bbox 703 3099 773 3163; x_wconf 89' lang='lat' dir='ltr'><strong>early</strong></span> <span class='ocrx_word' id='word_1_226' title='bbox 788 3099 898 3162; x_wconf 86' lang='lat' dir='ltr'><strong>adopted</strong></span> <span class='ocrx_word' id='word_1_227' title='bbox 914 3099 949 3162; x_wconf 84' lang='lat' dir='ltr'><strong>by</strong></span> <span class='ocrx_word' id='word_1_228' title='bbox 965 3099 1079 3148; x_wconf 84' lang='lat' dir='ltr'><strong>heretice.</strong></span> <span class='ocrx_word' id='word_1_229' title='bbox 1114 3099 1153 3148; x_wconf 92' lang='lat' dir='ltr'><strong>On</strong></span> 
     </span>
     <span class='ocr_line' id='line_1_29' title="bbox 153 3177 919 3243; baseline -0.008 -12"><span class='ocrx_word' id='word_1_230' title='bbox 153 3182 220 3231; x_wconf 87' lang='lat' dir='ltr'><strong>their</strong></span> <span class='ocrx_word' id='word_1_231' title='bbox 228 3181 312 3231; x_wconf 87' lang='lat' dir='ltr'><strong>duties</strong></span> <span class='ocrx_word' id='word_1_232' title='bbox 323 3197 364 3230; x_wconf 90' lang='lat' dir='ltr'><strong>see</strong></span> <span class='ocrx_word' id='word_1_233' title='bbox 375 3178 487 3243; x_wconf 85' lang='lat' dir='ltr'><strong>Bright&#39;s</strong></span> <span class='ocrx_word' id='word_1_234' title='bbox 500 3186 560 3229; x_wconf 91' lang='lat' dir='ltr'><strong>note</strong></span> <span class='ocrx_word' id='word_1_235' title='bbox 572 3195 604 3227; x_wconf 95' lang='lat' dir='ltr'><strong>on</strong></span> <span class='ocrx_word' id='word_1_236' title='bbox 615 3178 700 3227; x_wconf 84' lang='lat' dir='ltr'><strong>Chalc.</strong></span> <span class='ocrx_word' id='word_1_237' title='bbox 713 3178 787 3226; x_wconf 83' lang='lat' dir='ltr'><strong>Oonc.</strong></span> <span class='ocrx_word' id='word_1_238' title='bbox 801 3193 856 3227; x_wconf 82' lang='lat' dir='ltr'><strong>cco.</strong></span> <span class='ocrx_word' id='word_1_239' title='bbox 868 3177 919 3225; x_wconf 86' lang='lat' dir='ltr'><strong>xiv.</strong></span> 
     </span>
    </p>

    <p class='ocr_par' dir='ltr' id='par_1_9' title="bbox 151 3255 1156 3796">
     <span class='ocr_line' id='line_1_30' title="bbox 218 3255 1154 3319; baseline -0.004 -11"><span class='ocrx_word' id='word_1_240' title='bbox 218 3263 303 3310; x_wconf 80' lang='lat' dir='ltr'><strong>hodie</strong></span> <span class='ocrx_word' id='word_1_241' title='bbox 323 3262 489 3317; x_wconf 74' lang='lat' dir='ltr'><strong>presbyter.</strong></span> <span class='ocrx_word' id='word_1_242' title='bbox 505 3293 529 3308; x_wconf 84' lang='lat'><strong>..</strong></span> <span class='ocrx_word' id='word_1_243' title='bbox 543 3261 640 3307; x_wconf 78' lang='lat' dir='ltr'><strong>laicus</strong></span> <span class='ocrx_word' id='word_1_244' title='bbox 675 3256 840 3304; x_wconf 87' lang='lat' dir='ltr'><strong>Indifference</strong></span> <span class='ocrx_word' id='word_1_245' title='bbox 860 3260 886 3304; x_wconf 90' lang='lat' dir='ltr'><strong>to</strong></span> <span class='ocrx_word' id='word_1_246' title='bbox 905 3255 949 3304; x_wconf 90' lang='lat' dir='ltr'><strong>the</strong></span> <span class='ocrx_word' id='word_1_247' title='bbox 968 3255 1060 3319; x_wconf 88' lang='lat' dir='ltr'><strong>special</strong></span> <span class='ocrx_word' id='word_1_248' title='bbox 1079 3256 1154 3304; x_wconf 83' lang='lat' dir='ltr'><strong>valae</strong></span> 
     </span>
     <span class='ocr_line' id='line_1_31' title="bbox 152 3333 1153 3400; baseline -0.006 -12"><span class='ocrx_word' id='word_1_249' title='bbox 152 3339 204 3388; x_wconf 88' lang='lat' dir='ltr'><strong>and</strong></span> <span class='ocrx_word' id='word_1_250' title='bbox 226 3338 430 3388; x_wconf 87' lang='lat' dir='ltr'><strong>distinctiveness</strong></span> <span class='ocrx_word' id='word_1_251' title='bbox 452 3337 482 3386; x_wconf 86' lang='lat' dir='ltr'><strong>of</strong></span> <span class='ocrx_word' id='word_1_252' title='bbox 501 3335 570 3400; x_wconf 85' lang='lat' dir='ltr'><strong>Hcly</strong></span> <span class='ocrx_word' id='word_1_253' title='bbox 590 3335 683 3385; x_wconf 86' lang='lat' dir='ltr'><strong>Orders</strong></span> <span class='ocrx_word' id='word_1_254' title='bbox 704 3336 726 3383; x_wconf 90' lang='lat' dir='ltr'><strong>is</strong></span> <span class='ocrx_word' id='word_1_255' title='bbox 745 3334 805 3383; x_wconf 91' lang='lat' dir='ltr'><strong>here</strong></span> <span class='ocrx_word' id='word_1_256' title='bbox 823 3333 950 3398; x_wconf 86' lang='lat' dir='ltr'><strong>expressly</strong></span> <span class='ocrx_word' id='word_1_257' title='bbox 970 3333 1110 3382; x_wconf 87' lang='lat' dir='ltr'><strong>attributed</strong></span> <span class='ocrx_word' id='word_1_258' title='bbox 1126 3337 1153 3382; x_wconf 85' lang='lat' dir='ltr'><strong>to</strong></span> 
     </span>
     <span class='ocr_line' id='line_1_32' title="bbox 152 3409 1156 3473; baseline -0.009 -7"><span class='ocrx_word' id='word_1_259' title='bbox 152 3418 268 3467; x_wconf 85' lang='lat' dir='ltr'><strong>heretice.</strong></span> <span class='ocrx_word' id='word_1_260' title='bbox 310 3417 343 3465; x_wconf 95' lang='lat' dir='ltr'><strong>In</strong></span> <span class='ocrx_word' id='word_1_261' title='bbox 359 3416 399 3465; x_wconf 94' lang='lat' dir='ltr'><strong>his</strong></span> <span class='ocrx_word' id='word_1_262' title='bbox 418 3415 485 3464; x_wconf 84' lang='lat' dir='ltr'><strong>later</strong></span> <span class='ocrx_word' id='word_1_263' title='bbox 502 3416 626 3473; x_wconf 88' lang='lat' dir='ltr'><strong>treatises‚</strong></span> <span class='ocrx_word' id='word_1_264' title='bbox 645 3429 673 3463; x_wconf 90' lang='lat' dir='ltr'><strong>as</strong></span> <span class='ocrx_word' id='word_1_265' title='bbox 691 3429 706 3461; x_wconf 93' lang='lat' dir='ltr'><strong>a</strong></span> <span class='ocrx_word' id='word_1_266' title='bbox 724 3412 877 3473; x_wconf 88' lang='lat' dir='ltr'><strong>Montanist,</strong></span> <span class='ocrx_word' id='word_1_267' title='bbox 893 3411 1035 3460; x_wconf 83' lang='lat' dir='ltr'><strong>Tertullian</strong></span> <span class='ocrx_word' id='word_1_268' title='bbox 1052 3409 1156 3459; x_wconf 82' lang='lat' dir='ltr'><strong>himself</strong></span> 
     </span>
     <span class='ocr_line' id='line_1_33' title="bbox 151 3489 1152 3561; baseline -0.011 -15"><span class='ocrx_word' id='word_1_269' title='bbox 151 3496 260 3561; x_wconf 82' lang='lat' dir='ltr'><strong>adopted</strong></span> <span class='ocrx_word' id='word_1_270' title='bbox 271 3495 315 3544; x_wconf 90' lang='lat' dir='ltr'><strong>the</strong></span> <span class='ocrx_word' id='word_1_271' title='bbox 328 3495 402 3544; x_wconf 89' lang='lat' dir='ltr'><strong>novel</strong></span> <span class='ocrx_word' id='word_1_272' title='bbox 413 3495 500 3543; x_wconf 89' lang='lat' dir='ltr'><strong>notion</strong></span> <span class='ocrx_word' id='word_1_273' title='bbox 512 3494 537 3542; x_wconf 85' lang='lat' dir='ltr'><strong>ot</strong></span> <span class='ocrx_word' id='word_1_274' title='bbox 548 3493 592 3542; x_wconf 91' lang='lat' dir='ltr'><strong>the</strong></span> <span class='ocrx_word' id='word_1_275' title='bbox 604 3492 766 3541; x_wconf 89' lang='lat' dir='ltr'><strong>obliteratlon</strong></span> <span class='ocrx_word' id='word_1_276' title='bbox 781 3491 809 3540; x_wconf 86' lang='lat' dir='ltr'><strong>ol</strong></span> <span class='ocrx_word' id='word_1_277' title='bbox 824 3491 859 3538; x_wconf 93' lang='lat' dir='ltr'><strong>all</strong></span> <span class='ocrx_word' id='word_1_278' title='bbox 875 3490 1021 3539; x_wconf 86' lang='lat' dir='ltr'><strong>distinction</strong></span> <span class='ocrx_word' id='word_1_279' title='bbox 1041 3489 1152 3536; x_wconf 90' lang='lat' dir='ltr'><strong>between</strong></span> 
     </span>
     <span class='ocr_line' id='line_1_34' title="bbox 151 3566 1150 3634; baseline -0.011 -10"><span class='ocrx_word' id='word_1_280' title='bbox 151 3574 226 3624; x_wconf 89' lang='lat' dir='ltr'><strong>cleric</strong></span> <span class='ocrx_word' id='word_1_281' title='bbox 237 3574 288 3623; x_wconf 84' lang='lat' dir='ltr'><strong>and</strong></span> <span class='ocrx_word' id='word_1_282' title='bbox 299 3573 367 3634; x_wconf 87' lang='lat' dir='ltr'><strong>laic;</strong></span> <span class='ocrx_word' id='word_1_283' title='bbox 383 3574 414 3623; x_wconf 83' lang='lat' dir='ltr'><strong>de</strong></span> <span class='ocrx_word' id='word_1_284' title='bbox 426 3573 480 3623; x_wconf 73' lang='lat' dir='ltr'><strong>exli.</strong></span> <span class='ocrx_word' id='word_1_285' title='bbox 491 3576 553 3622; x_wconf 83' lang='lat' dir='ltr'><strong>caat.</strong></span> <span class='ocrx_word' id='word_1_286' title='bbox 566 3571 591 3621; x_wconf 92' lang='lat'><strong>6.</strong></span> <span class='ocrx_word' id='word_1_287' title='bbox 626 3571 671 3619; x_wconf 87' lang='lat' dir='ltr'><strong>Dr.</strong></span> <span class='ocrx_word' id='word_1_288' title='bbox 683 3569 770 3620; x_wconf 91' lang='lat' dir='ltr'><strong>Hatch</strong></span> <span class='ocrx_word' id='word_1_289' title='bbox 785 3569 889 3632; x_wconf 83' lang='lat' dir='ltr'><strong>Bumpt.</strong></span> <span class='ocrx_word' id='word_1_290' title='bbox 904 3570 960 3618; x_wconf 85' lang='lat' dir='ltr'><strong>lect.</strong></span> <span class='ocrx_word' id='word_1_291' title='bbox 978 3583 1002 3631; x_wconf 83' lang='lat' dir='ltr'><strong>p.</strong></span> <span class='ocrx_word' id='word_1_292' title='bbox 1020 3580 1075 3628; x_wconf 73' lang='lat'><strong>124,</strong></span> <span class='ocrx_word' id='word_1_293' title='bbox 1089 3566 1150 3614; x_wconf 84' lang='lat' dir='ltr'><strong>with</strong></span> 
     </span>
     <span class='ocr_line' id='line_1_35' title="bbox 152 3643 1150 3716; baseline -0.013 -12"><span class='ocrx_word' id='word_1_294' title='bbox 152 3671 168 3704; x_wconf 78' lang='lat' dir='ltr'><strong>a</strong></span> <span class='ocrx_word' id='word_1_295' title='bbox 186 3653 246 3702; x_wconf 92' lang='lat' dir='ltr'><strong>bold</strong></span> <span class='ocrx_word' id='word_1_296' title='bbox 264 3651 393 3716; x_wconf 86' lang='lat' dir='ltr'><strong>disregard</strong></span> <span class='ocrx_word' id='word_1_297' title='bbox 409 3651 448 3700; x_wconf 82' lang='lat' dir='ltr'><strong>for</strong></span> <span class='ocrx_word' id='word_1_298' title='bbox 463 3651 625 3701; x_wconf 84' lang='lat' dir='ltr'><strong>Tertullian’s</strong></span> <span class='ocrx_word' id='word_1_299' title='bbox 643 3648 778 3698; x_wconf 88' lang='lat' dir='ltr'><strong>alteration</strong></span> <span class='ocrx_word' id='word_1_300' title='bbox 795 3648 823 3696; x_wconf 86' lang='lat' dir='ltr'><strong>ol</strong></span> <span class='ocrx_word' id='word_1_301' title='bbox 839 3648 924 3708; x_wconf 86' lang='lat' dir='ltr'><strong>views,</strong></span> <span class='ocrx_word' id='word_1_302' title='bbox 935 3645 1024 3694; x_wconf 91' lang='lat' dir='ltr'><strong>blends</strong></span> <span class='ocrx_word' id='word_1_303' title='bbox 1035 3643 1150 3708; x_wconf 82' lang='lat' dir='ltr'><strong>together</strong></span> 
     </span>
     <span class='ocr_line' id='line_1_36' title="bbox 151 3726 823 3796; baseline -0.009 -15"><span class='ocrx_word' id='word_1_304' title='bbox 151 3746 268 3796; x_wconf 84' lang='lat' dir='ltr'><strong>passages</strong></span> <span class='ocrx_word' id='word_1_305' title='bbox 278 3730 342 3780; x_wconf 84' lang='lat' dir='ltr'><strong>from</strong></span> <span class='ocrx_word' id='word_1_306' title='bbox 353 3729 459 3779; x_wconf 89' lang='lat' dir='ltr'><strong>catholic</strong></span> <span class='ocrx_word' id='word_1_307' title='bbox 469 3729 520 3778; x_wconf 90' lang='lat' dir='ltr'><strong>and</strong></span> <span class='ocrx_word' id='word_1_308' title='bbox 530 3729 692 3779; x_wconf 86' lang='lat' dir='ltr'><strong>montanistie</strong></span> <span class='ocrx_word' id='word_1_309' title='bbox 700 3726 823 3790; x_wconf 83' lang='lat' dir='ltr'><strong>writings.</strong></span> 
     </span>
    </p>

    <p class='ocr_par' dir='ltr' id='par_1_10' title="bbox 183 3802 992 3868">
     <span class='ocr_line' id='line_1_37' title="bbox 183 3802 992 3868; baseline -0.011 -8"><span class='ocrx_word' id='word_1_310' title='bbox 183 3811 266 3860; x_wconf 79' lang='lat' dir='ltr'><strong>Onsr.</strong></span> <span class='ocrx_word' id='word_1_311' title='bbox 278 3808 438 3859; x_wconf 84' lang='lat' dir='ltr'><strong>XLIL-16.</strong></span> <span class='ocrx_word' id='word_1_312' title='bbox 456 3811 550 3868; x_wconf 84' lang='lat' dir='ltr'><strong>eloqui</strong></span> <span class='ocrx_word' id='word_1_313' title='bbox 562 3824 621 3857; x_wconf 91' lang='lat' dir='ltr'><strong>non</strong></span> <span class='ocrx_word' id='word_1_314' title='bbox 631 3809 750 3856; x_wconf 84' lang='lat' dir='ltr'><strong>habent:</strong></span> <span class='ocrx_word' id='word_1_315' title='bbox 769 3821 810 3854; x_wconf 87' lang='lat' dir='ltr'><strong>see</strong></span> <span class='ocrx_word' id='word_1_316' title='bbox 821 3808 887 3864; x_wconf 88' lang='lat' dir='ltr'><strong>note,</strong></span> <span class='ocrx_word' id='word_1_317' title='bbox 899 3802 938 3853; x_wconf 88' lang='lat' dir='ltr'><strong>ch.</strong></span> <span class='ocrx_word' id='word_1_318' title='bbox 954 3803 992 3852; x_wconf 87' lang='lat'><strong>18.</strong></span> 
     </span>
    </p>
   </div>
   <div class='ocr_carea' id='block_1_7' title="bbox 0 0 1366 4356">
    <p class='ocr_par' dir='ltr' id='par_1_11' title="bbox 0 0 1366 4356">
     <span class='ocr_line' id='line_1_38' title="bbox 0 0 1366 4356; baseline 0 5"><span class='ocrx_word' id='word_1_319' title='bbox 0 0 1366 4356; x_wconf 95' lang='lat' dir='ltr'><strong> </strong></span> 
     </span>
    </p>
   </div>
  </div>
 </body>
</html>
