2724 4356
154 293 358 357 c.n.xxx1V.]
387 283 428 348 de
449 284 712 368 Praescriptione
732 284 991 350 Haereticorum.
1115 296 1155 366 79

153 455 207 515 hoc
222 455 340 515 Hebion
352 456 523 515 vindicavit.
560 455 743 516 Simonianae
759 463 857 516 autem
870 456 984 535 magiae
999 455 1154 535 disciplina

153 555 263 632 angelis
278 555 415 628 serviens,
427 555 530 633 utique
541 562 571 615 et
585 555 649 633 ipsa
662 556 742 615 inter
755 556 936 615 idololatrias
951 555 1154 634 deputabatur,

155 660 185 713 et
198 675 216 713 a
230 655 318 714 Petro
332 654 465 733 apostolo
477 655 511 713 in
525 655 590 733 ipso
608 654 726 715 Simone
740 655 943 714 damnabatur.

507 863 644 925 CAPUT
669 865 809 926 XXXIV.

197 1016 288 1074 Hanc
304 1022 381 1088 sunt,
393 1021 428 1075 ut
439 1015 575 1090 arbitror,
587 1036 694 1093 genera
703 1015 904 1075 doctrinarum
914 1015 1154 1088 adulterinarum,

155 1135 229 1193 quae
243 1114 298 1174 sub
312 1114 451 1191 apostolis
461 1114 550 1174 fuisse
566 1116 602 1174 ab
616 1115 688 1191 ipsis
696 1115 833 1192 apostolis
843 1115 996 1175 discimus:
1017 1121 1047 1175 et
1058 1121 1184 1182 tumens

156 1214 268 1273 nullam
281 1213 445 1273 invenimus
455 1213 671 1272 institutionem
686 1214 764 1274 inter
776 1221 822 1274 tot
837 1214 1023 1274 diversitates
1037 1235 1156 1293 perver-

156 1312 284 1386 sitatum,
307 1334 382 1392 quae
404 1313 441 1374 de
464 1315 526 1373 Deo
550 1318 677 1372 creatore
705 1313 907 1373 universorum
932 1315 1158 1374 controversiam

156 1412 287 1473 moverit.
329 1414 422 1473 Nemo
436 1413 560 1472 alterum
571 1413 766 1472 Deumausus
781 1418 824 1472 est
839 1412 990 1491 suspicari.
1031 1414 1158 1473 Facilius

157 1510 193 1570 de
206 1511 283 1571 Filio
297 1532 385 1589 quarn
401 1512 437 1571 de
451 1511 542 1571 Patre
561 1511 771 1584 haesitabatur,
786 1511 876 1570 donec
891 1511 1024 1572 Marcion
1040 1519 1158 1590 praeter

157 1621 316 1670 creatorem
341 1611 433 1669 alium
455 1611 552 1669 Deum
571 1611 659 1670 solius
681 1609 823 1669 bonitatis
842 1611 1016 1686 induceret;
1037 1611 1158 1689 Apelles
1174 1633 1204 1668 10

157 1716 324 1780 creatorem,
346 1710 482 1788 angelum
506 1709 604 1769 nescio
632 1729 718 1786 quem
742 1709 899 1786 gloriosum
921 1710 1077 1786 superioris
1102 1709 1160 1768 Dei

157 1807 265 1868 faceret
293 1809 389 1867 Deum
417 1808 490 1886 legis
519 1813 549 1869 et
580 1807 706 1880 Israelis,
734 1807 821 1867 illum
849 1807 967 1885 igneum
995 1809 1157 1881 affirmans3

157 1902 332 1962 Valentinus
346 1901 462 1963 Aeonas
477 1923 543 1962 suos
558 1908 719 1980 spargeret,
734 1902 865 1961 etunius
880 1901 989 1962 Aeonis
1003 1902 1109 1962 vitium
1127 1903 1159 1961 in

158 2001 299 2078 originem
322 2001 477 2061 deduceret
498 2001 554 2060 Dei
577 2001 723 2060 creatoris.
766 2000 823 2060 His
845 2000 914 2060 solis
938 2007 968 2060 et
990 2001 1035 2059 his
1055 2002 1159 2079 primis

159 2100 288 2158 revelata
308 2106 353 2159 est
366 2100 477 2159 veritas
496 2099 669 2170 divinitatis,
681 2099 817 2158 maiorem
833 2095 944 2158 seilicet
958 2099 1159 2176 dignationem
1174 2124 1203 2174 15

159 2205 189 2257 et
212 2198 372 2276 pleniorem
393 2198 521 2276 gratiam
545 2219 563 2257 a
585 2198 700 2257 diabolo
723 2197 894 2272 consecutis,
922 2197 974 2275 qui
998 2198 1094 2258 Deum
1118 2199 1160 2258 sic

159 2358 186 2402 to
203 2354 248 2404 the
268 2355 412 2417 Demiurge.
446 2355 496 2404 His
513 2354 672 2420 Christology
688 2354 710 2403 is
727 2353 856 2404 described
871 2353 905 2418 by
921 2354 1083 2418 Hippolytus,
1101 2356 1159 2405 ado.

160 2432 229 2483 haer.
241 2449 265 2482 x.
276 2447 307 2497 19
324 2432 372 2481 Τὸν
383 2433 409 2481 δὲ
425 2431 529 2497 Χριστὸν
541 2431 593 2481 vldv
605 2431 663 2481 eluar
675 2433 719 2481 τοῦ
734 2432 826 2496 ἀγαθοῦ
840 2429 879 2479 καὶ
891 2428 929 2479 ὑπ’
940 2432 1015 2480 αὐτοῦ
1026 2431 1160 2494 πεπέμφθαι

160 2509 197 2559 ἐπὶ
216 2509 320 2575 σωτηρίᾳ
337 2511 386 2560 τῶν
405 2513 497 2576 ψυχῶν,
517 2510 545 2562 ὃν
565 2510 614 2562 ἔσο)
630 2509 753 2574 ἄνθρωπον
771 2511 849 2571 καλεῖ,
867 2510 897 2559 ὡς
912 2507 1036 2573 ἄνθρωπον
1051 2510 1160 2573 φανέντα

159 2588 249 2653 λέγων,
261 2591 306 2638 οὐκ
321 2589 381 2639 ὄντα
391 2589 522 2654 ἄνθρωπον,
535 2589 574 2640 καὶ
591 2592 622 2640 ὡς
638 2589 764 2653 suasano,
776 2590 821 2638 otte
838 2587 963 2652 ἔνοαρκον,
976 2588 1073 2652 δοκήσει
1086 2600 1160 2654 πεφη-

160 2667 228 2730 νότα,
249 2666 306 2717 οὔτε
324 2667 424 2732 γένεσιν
444 2669 604 2729 ὑπομείναντα
622 2667 679 2718 οὔτε
698 2668 778 2732 πάθος,
798 2666 865 2716 ἀλλὰ
883 2668 919 2730 τῷ
941 2667 1026 2719 δοκεῖν.
1071 2669 1157 2734 (lamp.

160 2752 231 2797 notes
242 2747 367 2799 Pa-Tert.
377 2750 433 2800 ado.
445 2764 508 2798 omn.
521 2748 589 2798 haer.
603 2762 625 2810 3,
638 2747 661 2798 6.

195 2839 216 2874 1.
233 2830 287 2875 hoc
312 2830 434 2876 Hebion.
477 2827 531 2876 The
559 2827 676 2876 Ebionite
699 2826 857 2890 Christology
878 2841 930 2874 was
956 2825 1047 2890 purely
1068 2827 1160 2890 psilen-

160 2903 265 2975 thropio‚
284 2905 418 2968 regarding
438 2906 515 2955 Jesus
538 2905 629 2970 simply
649 2921 677 2953 as
698 2905 743 2954 the
765 2920 811 2953 son
836 2903 864 2952 of
882 2904 901 2953 J
903 2904 979 2966 oseph
1001 2904 1052 2954 and
1074 2906 1158 2970 Mary,

160 2982 279 3046 agreeing
298 2983 324 3031 in
342 2981 393 3032 this
410 2983 482 3046 point
500 2983 561 3032 with
578 2982 623 3033 the
639 2987 722 3031 tenets
738 2982 765 3030 oi
779 2981 913 3030 Corinthus
928 2981 979 3030 and
991 2982 1160 3047 Carpocrates.

161 3060 227 3110 Iren.
245 3061 262 3110 i.
279 3073 327 3120 ²²3
350 3061 453 3126 Hippol.
473 3061 516 3110 vii.
534 3075 580 3124 343
597 3060 688 3126 Epiph.
706 3060 787 3110 Haer.
807 3074 858 3123 30:
874 3075 953 3124 comp.
965 3060 1088 3111 Pa-Tert.
1100 3064 1158 3113 odo.

161 3155 225 3189 maa.
238 3139 308 3188 aaa.
322 3154 344 3202 3.

228 3221 417 3267 Simontanae.
429 3219 493 3266 Acts
501 3217 552 3268 viii.
561 3218 624 3283 9ff.;
633 3217 701 3266 Iren.
711 3217 727 3266 i.
737 3215 780 3276 163
789 3216 912 3267 Ps.·Tert.
920 3217 977 3267 odo.
985 3233 1049 3268 omo.
1057 3219 1128 3268 Ῑιαοο.
1139 3233 1159 3268 1.

193 3294 276 3344 Cnsr.
288 3295 495 3344 xxm-10.
514 3299 605 3344 Deum
616 3299 707 3345 solius
719 3297 872 3345 bonitatis:
890 3310 931 3345 aes
942 3295 1031 3356 above,
1043 3297 1080 3345 ch.
1095 3307 1118 3360 7.

197 3387 234 3423 11.
253 3377 398 3431 angelum:
419 3391 460 3423 see
477 3373 565 3436 above,
581 3374 620 3423 ch.
636 3383 667 3436 ’ῃ
690 3388 768 3436 comp.
784 3375 816 3423 de
831 3388 877 3422 res.
895 3389 966 3424 cora.
985 3388 1000 3438 5
1018 3375 1119 3424 ‘Futile
1135 3380 1161 3424 et

161 3450 280 3500 frivolum
296 3451 367 3501 istud
382 3451 557 3516 corpusculum
575 3488 582 3500 .
601 3489 607 3501 .
626 3488 632 3502 .
649 3451 696 3501 etsi
717 3451 786 3516 ignei
802 3451 908 3500 alicuius
925 3453 1062 3501 exstructio
1081 3468 1161 3516 aeque

161 3529 255 3594 angeli,
269 3534 300 3579 ut
315 3530 419 3594 Apelles
436 3529 525 3590 docet,'
537 3529 597 3589 &c.;
615 3531 645 3579 de
658 3545 728 3580 οανπ.
742 3528 802 3581 car.
816 3531 848 3590 83
865 3530 983 3579 danaim.
998 3530 1161 3595 ²a‘Ape1102

162 3607 300 3657 solicitatas
317 3608 395 3657 refert
411 3608 509 3657 animas
525 3607 629 3657 terrenis
646 3607 708 3657 escis
725 3609 756 3656 de
772 3606 996 3672 supercaelestibus
1012 3607 1112 3658 sedibus
1129 3609 1161 3658 ab

162 3685 236 3750 igneo
248 3685 345 3750 angelo,
358 3686 405 3736 deo
416 3686 519 3736 Israelis
532 3691 558 3736 et
569 3685 673 3746 nostro,'
683 3685 726 3736 &a

198 3776 235 3825 13.
252 3766 339 3813 unius
350 3767 457 3814 Aeonis
468 3768 581 3816 vitium.
614 3763 668 3814 The
681 3764 725 3814 fall
740 3764 769 3814 of
781 3763 874 3829 Sophia
887 3764 952 3812 from
966 3761 1011 3812 tha
1027 3761 1160 3824 Pleroma3

163 3847 282 3906 seenote,
294 3842 334 3894 ola.
347 3852 369 3907 7.
