2724 4356
159 269 219 319 cnr.
237 260 296 327 ιιι]
528 255 590 319 Ad
610 255 795 338 Scapulam.
1102 274 1160 340 131

159 424 210 503 qui
237 432 385 503 praestare
413 431 517 504 potest.
561 427 601 486 Et
629 428 732 504 utique
761 447 797 486 ex
822 424 976 504 disciplina
1004 424 1164 504 patientiae

158 525 277 584 divinae
301 546 388 602 agere
412 547 474 598 nos,
491 526 560 586 satis
580 525 767 585 manifestum
788 545 849 584 esse
870 525 953 585 vobis
973 531 1078 604 potest,
1098 548 1164 585 cum

159 628 244 683 tanta
253 623 405 683 hominum
415 624 585 697 multitudo,
591 645 660 702 pars
670 644 762 702 paene
774 624 866 683 maior
875 623 1004 684 civitatis
1013 625 1163 702 cuiusque,

158 721 191 781 in
205 723 323 782 silentio
338 729 368 782 et
381 723 525 782 modestia
539 724 660 800 agimus,
675 723 786 801 singuli
799 723 873 782 forte
888 722 951 782 noti
969 724 1062 802 magis
1077 745 1164 802 quam

160 842 268 893 omnes,
284 841 336 880 nec
349 821 468 882 aliunde
482 822 637 882 noscibiles
652 842 741 899 quam
754 823 790 881 de
803 822 1005 881 emendatione
1023 822 1191 884 vitiorum5

160 919 359 998 pristinorum.
402 919 490 980 Absit
513 921 592 980 enim
616 925 651 979 ut
673 920 792 998 indigne
815 921 943 980 feramus
966 941 1000 981 ea
1023 941 1076 980 nos
1100 921 1165 999 pati

160 1040 235 1097 quae
258 1024 401 1097 optamus,
426 1027 478 1079 aut
500 1020 641 1079 ultionem
663 1041 681 1078 a
703 1019 787 1079 nobis
807 1017 938 1095 aliquam
957 1018 1163 1092 machinemur,

161 1139 248 1196 quam
262 1140 280 1178 a
294 1119 357 1178 Deo
371 1125 580 1197 exspectamus.

553 1306 691 1368 CAPUT
710 1307 771 1366 III.

202 1440 422 1513 inmusicos
442 1460 531 1518 supra
553 1438 689 1512 diximus,
711 1439 859 1498 doleamus
879 1459 994 1500 necesse
1015 1445 1068 1513 est,
1088 1439 1165 1519 quod

160 1541 243 1600 nulla
256 1541 362 1600 civitas
382 1540 501 1617 impune
521 1539 619 1599 latura
637 1539 677 1599 sit
698 1539 850 1616 sanguinis
867 1538 961 1598 nostri
976 1538 1164 1612 effusionem3
1180 1553 1210 1589 10

162 1639 239 1699 sicui
253 1645 284 1699 et
299 1639 353 1698 sub
373 1638 528 1698 Hilariano
547 1637 687 1716 praeside,
703 1658 770 1696 cum
792 1637 828 1696 de
849 1637 924 1697 areis
945 1639 1165 1715 sepulturarum

162 1745 328 1798 nostrarum
355 1738 586 1798 adclamassent:
616 1736 711 1796 Areae
735 1758 795 1795 non
819 1737 896 1797 sinti
926 1758 1011 1797 areae
1034 1737 1165 1815 ipsorum

197 1944 218 1982 1.
237 1933 393 1989 disciplina.
428 1931 474 1980 See
485 1933 544 1978 note
555 1929 585 1979 de
593 1943 708 1994 praesen
721 1928 790 1977 laer.
803 1926 827 1979 6.

196 2024 218 2071 3.
235 2025 300 2066 pars
312 2023 401 2067 poene
412 2011 503 2058 maior
516 2011 651 2058 civitatis.
684 2008 770 2071 Gomp.
783 2007 822 2055 oh.
835 2020 865 2070 53
884 2006 935 2054 and
951 2006 989 2054 ior
1006 2005 1080 2055 other
1095 2006 1167 2071 early

162 2087 299 2136 references
314 2092 342 2136 to
356 2087 401 2135 the
416 2088 534 2135 numbers
546 2086 574 2134 of
588 2086 632 2135 the
648 2085 788 2135 Christiane
799 2101 840 2134 sce
852 2089 912 2133 note
922 2079 1000 2150 Apol.
1015 2097 1036 2144 1,
1050 2095 1097 2149 373
1115 2084 1167 2133 and

162 2165 212 2214 add
223 2165 307 2230 Ignat.
319 2166 407 2230 Magn.
421 2178 460 2226 1o‚
473 2166 547 2215 Rom.
561 2177 583 2212 1.

197 2257 220 2307 5.
238 2247 401 2303 noscibiles,
415 2240 640 2308 ·‘reoognizable':
668 2258 684 2290 s
706 2242 774 2290 word
801 2241 915 2291 confined
937 2244 966 2290 to
989 2239 1167 2290 ecclesiastical

162 2322 248 2372 Latin.
282 2322 309 2370 It
320 2323 342 2371 is
352 2321 430 2371 found
442 2323 469 2371 in
480 2322 617 2386 Augustin.
628 2322 660 2370 de
674 2321 746 2370 Tria.
758 2320 793 2370 ix.
806 2335 829 2385 5.
843 2334 881 2371 12.

229 2404 264 2449 de
276 2403 474 2450 emendatione
485 2402 630 2450 vitiorum.
663 2399 738 2461 Apol.
752 2412 774 2459 3.

197 2487 219 2542 7.
237 2482 398 2529 ultionem.
417 2515 422 2528 .
438 2516 444 2529 ,
460 2493 477 2526 a
496 2483 558 2528 Deo
581 2482 782 2536 exspectamus.
820 2474 904 2542 Apol.
927 2485 975 2539 37;
1002 2475 1117 2524 Laetam.
1135 2474 1166 2524 dc

162 2561 347 2620 conciperer.

196 2636 277 2684 (iuer.
289 2635 418 2685 III.—11.
435 2638 593 2684 Hilariano.
621 2632 740 2682 Hilarian
747 2648 800 2682 was
808 2631 853 2681 the
863 2647 987 2695 governor
996 2631 1077 2680 under
1085 2631 1168 2680 whom

164 2714 289 2777 Perpetua
300 2714 350 2762 and
360 2713 407 2762 her
417 2713 618 2777 follow-martyrs
629 2712 738 2761 suffered
749 2716 776 2760 at
787 2710 921 2774 Karthage
932 2710 960 2758 in
973 2721 1034 2770 203:
1052 2711 1128 2760 Pace.
1141 2709 1166 2759 S.

163 2791 240 2856 Perp·
265 2791 281 2839 6
303 2791 467 2840 ‘Hilarianus
490 2795 637 2855 procurator
657 2789 701 2853 qui
723 2793 792 2850 tunc,
816 2788 871 2837 loco
892 2788 1045 2852 proconsulis
1068 2786 1168 2837 Minuci

164 2869 300 2919 Timiniani
312 2869 431 2931 defuncti,
444 2869 483 2918 ius
494 2867 572 2932 gladii
583 2864 727 2931 occeperat?

230 2951 368 3007 praeside.
401 2946 510 2996 Praenes
523 2948 545 2996 is
561 2947 605 2996 the
620 2944 721 3009 genecio
736 2944 794 2994 title
805 2944 887 2994 which
899 2943 1040 2993 Tertullisn
1055 2945 1125 3007 gives
1141 2947 1169 2992 to

163 3026 302 3090 provincial
315 3041 457 3090 governors,
468 3025 544 3089 Apol.
556 3039 578 3084 a,
588 3039 612 3088 9,
623 3036 663 3084 30,
678 3035 725 3085 503
745 3023 862 3086 despect.
875 3034 914 3082 30.
939 3023 1027 3084 Comp.
1039 3021 1137 3085 Digest.
1150 3022 1168 3070 i.

165 3106 206 3153 tit.
219 3106 249 3153 18
262 3104 397 3168 ‘praesidis
409 3119 500 3152 nomen
516 3103 634 3167 generale
650 3108 698 3163 est,
710 3117 739 3150 eo
755 3101 822 3163 quod
837 3105 864 3150 et
879 3101 1037 3165 proconsules
1048 3105 1074 3150 et
1089 3099 1168 3164 legati

165 3183 277 3232 Caesaris
295 3187 321 3232 et
337 3198 422 3231 omnes
441 3181 585 3245 provinciae
604 3185 729 3244 regentes,
746 3179 807 3228 licet
823 3184 950 3227 senatores
966 3177 1026 3238 sint,
1043 3178 1169 3241 praesides

165 3259 345 3325 appellunturss
378 3260 435 3311 Gai.
454 3260 521 3310 lusi.
538 3260 556 3310 i.
573 3258 588 3308 6
608 3258 713 3324 (quoted
730 3257 828 3308 Introd.
841 3262 869 3307 to
879 3257 954 3320 Apol.
966 3273 990 3320 p.
1001 3256 1074 3320 xviii)
1080 3274 1087 3318 ;
1097 3256 1167 3306 Suet.

167 3339 219 3391 Oct.
233 3353 263 3402 23
273 3355 279 3398 3
297 3339 404 3403 Capitol.
416 3340 478 3388 Aut.
490 3340 557 3388 Pius
568 3336 592 3387 6.

200 3431 238 3467 12.
254 3419 347 3466 Areae
362 3431 421 3467 non
432 3418 504 3465 sinti
522 3415 566 3465 dc.
601 3414 689 3463 “‘Let
704 3414 775 3463 them
789 3412 854 3462 have
865 3428 898 3461 no
909 3409 1092 3463 cemeteriesl”
1107 3412 1169 3475 they

165 3496 315 3545 themselves
334 3495 386 3544 hed
404 3511 438 3545 no
455 3494 687 3558 threshing-floors:
712 3492 751 3542 for
770 3492 833 3557 they
849 3492 971 3556 guthered
989 3507 1022 3540 no
1039 3490 1169 3540 hevaeo?

166 3574 220 3624 The
239 3573 333 3622 refusal
353 3573 381 3622 of
399 3571 600 3638 burying-places
616 3577 643 3621 to
660 3572 704 3621 the
721 3570 862 3620 Christiane
878 3586 930 3620 was
946 3569 1060 3632 avenged
1075 3570 1110 3633 by
1124 3569 1170 3618 the

165 3651 255 3701 failure
270 3651 299 3701 of
312 3650 355 3700 the
372 3651 493 3700 harvests.
527 3651 589 3714 Any
605 3666 669 3714 open
684 3654 775 3699 vacent
791 3663 877 3713 speses
890 3664 958 3698 vvere
971 3647 1067 3696 termed
1084 3663 1168 3708 meae,

166 3729 217 3778 and
234 3729 377 3800 Tertullian
395 3729 466 3794 plays
483 3744 551 3794 upon
569 3729 614 3779 the
631 3728 701 3777 word
718 3743 746 3776 cs
764 3726 873 3791 applied,
894 3726 957 3787 first,
975 3729 1002 3774 to
1020 3726 1065 3775 the
1084 3740 1170 3789 spaces

167 3807 264 3858 outside
279 3807 324 3858 the
339 3807 410 3857 sities
422 3807 504 3858 which
515 3823 582 3858 vvere
597 3807 658 3856 nsed
672 3823 700 3856 es
714 3806 866 3866 cemeteries,
877 3803 930 3853 and
945 3803 1070 3868 secondly‚
1084 3810 1110 3854 to
1124 3804 1169 3853 the

641 3908 697 3950 ΚΞ
