2724 4356
157 239 217 289 cm.
232 232 315 300 v111.]
358 224 397 290 de
418 224 681 310 Praescriptione
701 213 988 292 Haereticorums
1116 244 1157 306 41

158 393 316 456 ecclesiael
344 394 416 473 quid
434 394 589 456 haereticis
603 400 634 456 et
647 395 844 457 Christianisl
884 396 996 456 Nostra
1008 395 1160 456 institutio

158 495 194 554 de
207 495 325 573 porticu
339 493 502 555 Solomonis
515 499 569 568 est,
585 493 636 573 qui
650 495 756 572 etipse
772 495 937 556 tradiderat
955 496 1114 555 Dominum
1127 495 1161 554 in

158 591 346 670 simplicitate
366 592 463 653 cordis
481 613 542 653 esse
559 595 766 671 quaerendum.
809 593 947 654 Viderint
961 595 1014 672 qui
1029 593 1161 654 Stoicum

157 697 188 752 et
212 692 395 751 Platonicum
419 697 450 752 et
474 692 658 753 dialecticum
681 690 939 752 Christianismum
962 693 1160 771 protulerunt.

158 790 252 851 Nobis
274 789 445 850 curiositate
468 812 541 870 opus
563 811 622 850 non
644 796 690 851 eet
711 798 779 869 poet
801 790 953 852 Christum
975 791 1084 864 Iesum,
1107 805 1188 857 nect

158 888 349 967 inquisitione
365 897 432 968 post
452 889 645 968 evangelium.
687 889 763 950 Cum
783 889 937 963 credimus,
954 890 1028 950 nihil
1047 890 1161 951 deside·

158 1009 256 1048 ramus
281 988 362 1048 ultra
386 990 512 1049 credere.
555 989 619 1048 Hoc
641 988 719 1048 enim
741 989 824 1067 prius
845 989 998 1063 credimus,
1017 1009 1076 1049 non
1098 1008 1161 1050 esse

158 1087 236 1166 quod
248 1087 331 1146 ultra
343 1087 460 1147 credere
474 1087 639 1148 debeamus.

534 1304 669 1366 CAPUT
694 1306 782 1367 VIII.

199 1454 303 1514 Vnnro
323 1454 424 1534 itaque
445 1455 483 1514 ad
503 1455 589 1515 illum
614 1455 773 1516 articulum
795 1468 882 1534 quem
904 1463 935 1517 et
958 1456 1052 1517 nostri
1075 1477 1160 1535 prae·

159 1553 287 1614 tendunt
314 1554 352 1613 ad
373 1554 531 1614 ineundam
554 1554 766 1629 curiositatem,
789 1562 820 1616 et
844 1555 985 1616 haeretici
1009 1557 1160 1616 inculcant
1175 1562 1211 1610 10*

159 1651 197 1712 ed
223 1651 438 1730 importandam
460 1653 725 1732 scrupulositatem.
765 1653 916 1734 Scriptum
938 1661 991 1730 est,
1012 1654 1160 1735 inquiunt,

194 1847 216 1885 1.
234 1839 305 1894 quid
315 1838 468 1888 haereticus
479 1844 508 1888 et
520 1839 713 1889 christianiss
749 1835 893 1888 Tertullian
901 1837 987 1888 denies
995 1838 1040 1888 the
1051 1854 1125 1888 name
1136 1839 1164 1888 ol

159 1911 287 1963 Christian
300 1919 327 1963 to
339 1913 454 1976 heretice,
464 1914 505 1964 ch.
514 1929 544 1979 14
556 1921 627 1966 ‘cum
638 1920 724 1965 autem
735 1916 847 1966 nondum
857 1916 1027 1980 crediderunt,
1038 1933 1090 1966 non
1100 1923 1162 1967 sunt

159 1990 326 2042 Christiani':
343 2009 382 2057 cp.
395 1994 446 2044 che.
460 1992 498 2052 16,
511 2005 550 2058 37.

104 2082 109 2090 ·
194 2084 215 2121 2.
233 2074 269 2120 de
280 2074 395 2129 porticu
408 2073 611 2121 Solomonis=‘
621 2071 652 2121 de
664 2071 765 2121 Christo
776 2077 802 2122 et
810 2071 946 2138 apostolis.⁸
964 2073 990 2124 S.
997 2073 1068 2124 John
1080 2090 1104 2123 x.
1115 2087 1126 2122 2
1130 2087 1160 2137 33

160 2149 224 2199 Acte
234 2150 271 2200 iii.
287 2164 309 2211 s,
321 2167 345 2200 v.
359 2162 398 2201 ιι.
432 2150 486 2199 The
497 2149 602 2214 implied
613 2157 725 2200 contrast
737 2151 759 2200 is
771 2151 905 2202 thePorch
915 2152 944 2202 os
951 2153 1027 2203 Zeno.

223 2229 256 2277 in
267 2231 460 2286 simplicitate.
493 2228 634 2279 Wisdomi.
649 2242 670 2279 1.

192 2319 217 2368 3.
233 2309 376 2357 Viderint.
399 2307 461 2356 This
469 2306 591 2372 elliptical
601 2308 811 2372 expressionisol
815 2325 877 2374 very
886 2310 1005 2373 frequent
1013 2325 1161 2360 occurrence

159 2382 188 2433 in
197 2383 356 2434 Ter-tullian:
374 2403 395 2436 e.
403 2403 428 2451 g.
439 2385 476 2436 ad
486 2385 560 2450 Scap.
572 2400 603 2449 43
620 2387 652 2435 de
663 2403 713 2438 cor.
726 2400 748 2447 a,
762 2400 792 2448 13
802 2402 808 2445 ;
825 2388 856 2437 de
874 2391 929 2438 teet.
940 2404 982 2439 aa.
995 2401 1022 2448 1;
1039 2388 1068 2436 de
1083 2391 1160 2452 spect.

160 2472 245 2526 7,15;
262 2463 362 2513 deidei.
376 2473 399 2527 7,
415 2478 462 2526 11;
478 2464 537 2514 adv.
554 2464 614 2516 Vol.
626 2479 660 2529 93
675 2465 749 2516 Pasa.
763 2465 790 2515 S.
803 2463 902 2528 Pes-pet.
917 2477 939 2515 1.
973 2465 1001 2515 It
1018 2481 1076 2528 may
1091 2466 1161 2516 often

158 2539 190 2590 be
201 2541 381 2607 idiomaticelly
392 2543 523 2601 rendered,
535 2560 563 2592 as
573 2543 634 2593 here
644 2543 694 2593 and
709 2543 749 2594 ch.
763 2556 801 2605 11,
815 2543 909 2609 ‘Away
920 2543 982 2593 with
994 2580 1001 2593 .
1014 2581 1021 2594 .
1034 2581 1040 2594 .
1053 2541 1121 2604 1'0r,
1132 2560 1161 2594 as

159 2618 236 2683 Apol.
250 2618 288 2680 16,
304 2634 344 2684 25,
356 2636 388 2685 43
399 2623 454 2671 ‘No
466 2625 560 2671 matter
569 2621 627 2672 that
639 2658 646 2673 .
660 2660 667 2673 .
681 2659 687 2672 .
701 2622 723 2673 ἐ
742 2638 821 2686 comp.
834 2621 900 2672 Min.
912 2623 964 2672 Fet.
977 2624 1024 2685 385
1041 2623 1159 2688 cyprian.

159 2699 190 2748 cle
201 2697 259 2748 tab.
270 2702 334 2765 virg.
347 2715 375 2763 33
392 2702 485 2762 Cicero,
497 2702 570 2765 epist.
582 2703 617 2750 ad
628 2701 680 2752 Art.
693 2702 737 2750 xii.
751 2714 790 2751 21.
805 2714 827 2750 1.

192 2790 216 2840 5.
235 2781 409 2828 curiositate.
443 2779 470 2827 A
478 2795 534 2828 rare
546 2780 613 2829 word
626 2779 714 2842 (found
725 2779 841 2829 however
848 2779 875 2829 in
887 2780 980 2839 Cicero,
989 2779 1097 2841 Gellius,
1109 2780 1161 2829 end

160 2855 327 2920 Macrobius),
339 2856 384 2906 the
401 2858 581 2922 significatione
599 2858 627 2908 ol
634 2858 718 2909 which
732 2875 795 2923 vary
810 2875 838 2908 as
852 2860 952 2923 greatly
964 2875 992 2908 as
1005 2859 1076 2908 those
1088 2859 1115 2908 ol
1125 2860 1160 2908 its

160 2934 266 2999 English
282 2934 429 2988 derivative.
462 2936 534 2986 Here
552 2937 574 2987 it
585 2953 671 2986 means
683 2943 689 2964 ⁸
699 2937 846 3002 Inquisitive
863 2937 1035 3002 speculation,'
1047 2939 1160 2987 ‘carious

159 3012 277 3079 inquiry,'
288 3014 338 3064 end
349 3031 377 3064 so
388 3015 439 3066 che.
454 3029 493 3079 14,
502 3027 543 3076 30,
553 3029 595 3079 43.
628 3016 661 3065 In
671 3016 711 3066 ch.
723 3030 757 3079 40
768 3017 789 3064 it
799 3015 902 3066 denotes
914 3017 1049 3066 ‘fantastic
1060 3017 1161 3080 quaint·

159 3106 216 3140 nees
227 3093 233 3111 '
243 3109 250 3149 ;
268 3093 348 3157 Apol.
359 3093 388 3143 18
398 3092 512 3158 ‘rarity,'
522 3101 528 3122 ⁸
538 3091 706 3143 curicusness’
714 3112 721 3152 ς
739 3093 773 3144 th.
784 3109 795 3142 s
799 3108 813 3157 5
823 3094 1011 3159 ‘superstitious
1020 3091 1158 3158 assiduity,‘

159 3169 211 3218 and
221 3186 248 3219 so
259 3172 291 3219 de
303 3174 356 3220 test.
368 3187 410 3221 aa.
424 3185 436 3219 1
449 3188 456 3232 ;
472 3173 520 3222 but
531 3171 605 3236 Apol.
617 3184 649 3237 47
663 3172 847 3221 ‘meddlesome
858 3170 949 3236 fancy!

192 3249 275 3300 Osse.
295 3249 432 3315 VIII—9.
456 3253 617 3301 articulum
655 3251 776 3316 Properly
793 3251 821 3300 in
839 3250 948 3301 rhetoric
967 3251 1161 3300 articulum

159 3327 247 3393 simple
258 3327 390 3391 sentence,‘
402 3329 497 3380 Gornil.
509 3330 544 3378 iv.
558 3329 605 3390 26;
621 3329 681 3379 here
696 3346 767 3379 more
779 3329 917 3395 generally,
930 3333 962 3378 ‘a
976 3327 1077 3388 clause,’
1087 3344 1115 3378 ae
1132 3329 1160 3377 in

160 3405 255 3470 Digeet
273 3407 359 3455 xxxvi.
380 3420 401 3456 1.
421 3417 468 3470 πῃ
494 3424 522 3456 or
540 3409 625 3457 better
642 3407 703 3468 still,
723 3408 781 3457 ‘the
797 3407 910 3457 cardinal
924 3408 1012 3472 point,'
1032 3408 1089 3455 ‘the
1108 3412 1160 3456 test

159 3485 293 3549 question:
305 3501 333 3534 ae
349 3486 375 3534 in
388 3485 485 3536 Aruob.
497 3470 588 3551 vii.'39
602 3491 724 3537 ‘ventum
739 3491 778 3537 est
795 3502 853 3550 ergo
865 3521 871 3536 .
883 3522 890 3538 .
904 3487 955 3537 .ad
968 3485 1050 3550 ipsum
1067 3485 1160 3534 articu-

158 3563 212 3612 lum
229 3579 339 3624 caussae,
351 3569 456 3613 ventum
468 3564 506 3613 rei
522 3564 555 3613 ad
565 3565 701 3623 cardinem,
713 3571 818 3615 ventum
830 3581 916 3614 veram
929 3569 1006 3628 atque
1021 3563 1160 3612 adiunctis-

159 3643 248 3691 simam
265 3640 454 3706 quaestionem!
487 3643 582 3702 Below,
598 3642 638 3693 ch.
658 3657 688 3694 10
706 3643 749 3692 ‘in
764 3644 846 3694 tribus
864 3640 1070 3692 articulis'=‘in
1087 3641 1160 3692 three

158 3720 249 3786 points,
263 3737 291 3770 or
301 3721 438 3771 musione!

193 3813 231 3849 11.
249 3803 505 3857 scrupulositatem.
537 3799 600 3850 This
612 3816 656 3850 use
672 3799 702 3849 of
715 3799 900 3866 scrupulositas
916 3798 1076 3866 corresponds
1096 3798 1159 3850 with
