2724 4356
151 258 227 307 cm.
240 251 398 319 xxxi-It]
419 243 458 308 de
479 243 739 328 Praescriptione
759 245 1019 312 Haereticorum.
1111 263 1152 333 73

151 414 221 474 dare
242 415 303 475 illis
323 422 476 493 praeterea
496 417 647 490 virtutem,
661 419 763 478 eadem
785 418 869 497 signa
889 417 1003 492 edendi,
1026 438 1100 497 qnae
1121 425 1152 479 et

150 512 221 590 ipse.
273 515 347 574 Volo
369 514 464 592 igitur
490 521 521 575 et
545 516 671 576 virtutes
695 537 795 576 eorum
817 517 959 596 proferri:
990 517 1050 577 nisi
1074 517 1153 594 quod

79 637 82 640 ·
149 631 274 689 agnosco
298 613 455 673 maximam
477 613 619 675 virtutem
643 634 752 689 eorum,
779 637 839 694 qua
862 616 1008 694 apostolos
1032 614 1065 674 in
1086 637 1152 694 per·

149 731 264 770 versum
285 713 482 772 aemulantur.
523 713 574 771 Illi
595 713 674 773 enim
690 716 726 774 de
747 713 871 775 mortuis
891 713 977 775 vivos
997 715 1150 788 faciebant,

149 807 202 868 isti
217 810 253 869 de
266 809 343 870 vivis
357 816 486 871 mortuos
500 812 622 872 faciunt.
1166 839 1180 890 5

517 1024 651 1086 CAPUT
672 1026 783 1086 XXXI.

190 1171 255 1231 Suo
279 1171 317 1232 ab
343 1190 466 1231 excessu
487 1178 619 1232 revertar
639 1175 677 1232 ad
696 1174 947 1253 principalitatem
966 1175 1102 1236 veritatis
1122 1179 1153 1235 et

148 1270 353 1350 posteritatem
382 1270 586 1331 mendacitatis
614 1272 831 1351 disputandam,
858 1295 895 1334 ex
929 1274 1008 1334 illius
1035 1294 1152 1353 quoque

149 1369 304 1448 parabolae
324 1368 497 1446 patrocinio,
513 1390 588 1448 quae
601 1371 709 1429 bonum
724 1391 821 1431 semen
836 1372 979 1432 frumenti
994 1373 1152 1433 aDomino

148 1469 324 1528 seminatum
347 1467 379 1526 in
401 1467 528 1547 primore
549 1468 712 1542 constitnit,
734 1490 891 1529 avenarum
916 1477 1014 1531 autem
1042 1472 1152 1532 sterilis

147 1566 226 1627 faeni
257 1565 435 1625 adulterium
462 1568 500 1625 ab
530 1567 650 1627 inimico
686 1568 803 1629 diabolo
838 1575 941 1648 postea
971 1571 1152 1649 superducit.
1167 1596 1198 1634 10

149 1664 271 1743 Proprie
300 1664 380 1724 enim
404 1664 605 1725 doctrinarum
633 1665 855 1728 distinctionem
882 1668 1001 1747 figurat,
1024 1669 1094 1747 quia
1121 1674 1152 1730 et

148 1764 220 1824 alibi
234 1764 359 1824 verbum
374 1763 431 1823 Dei
445 1764 563 1824 seminis
577 1764 740 1825 similitudo
753 1774 807 1827 est.
849 1767 899 1828 Ita
917 1788 954 1827 ex
972 1767 1037 1845 ipso
1050 1768 1152 1828 ordine

147 1863 363 1934 manifestatur,
386 1862 418 1920 id
441 1883 503 1923 esse
525 1864 703 1925 dominicum
720 1871 751 1925 et
771 1886 884 1939 verum,
906 1867 986 1944 quod
1007 1866 1048 1926 sit
1069 1867 1152 1944 prius

148 1961 311 2021 traditum:
332 1960 365 2020 id
379 1968 478 2023 autem
495 1969 667 2024 extraneum
680 1968 711 2023 et
725 1964 842 2038 falsum,
857 1965 935 2041 quod
950 1965 990 2025 sit
1006 1965 1152 2043 posterius

147 2059 316 2120 immissum.
372 2063 419 2122 Ea
457 2061 604 2122 sententia
637 2062 768 2122 manebit
801 2063 941 2123 adversus
975 2065 1152 2143 posteriores
1168 2087 1196 2138 15

148 2178 276 2237 quasque
303 2159 443 2234 haereses,
471 2160 580 2239 quibus
607 2160 691 2219 nulla
718 2160 883 2221 constantia
910 2163 946 2221 de
973 2162 1151 2222 conscientia

148 2257 289 2335 competit
303 2259 341 2319 ad
355 2259 566 2320 defendendam
579 2257 637 2318 sibi
651 2259 816 2320 veritatem.

508 2468 643 2530 CAPUT
665 2468 793 2531 XXXII.

189 2616 351 2689 Caranum,
367 2616 392 2675 si
407 2637 481 2694 quae
496 2617 606 2676 audent
619 2616 794 2677 interserere
811 2637 841 2676 se
856 2616 946 2677 aetati
967 2618 1149 2697 apostolicae,

147 2779 170 2830 it
181 2781 307 2831 maudein
318 2781 363 2832 the
371 2787 436 2842 text,
444 2781 602 2846 recognizing
612 2781 656 2831 the
668 2781 818 2846 peculiarlty
825 2781 854 2831 of
860 2780 947 2846 Aget„
956 2783 1007 2832 and
1018 2782 1152 2850 supplying

147 2858 301 2924 ‘apostolos‘
312 2860 397 2909 before
408 2858 515 2909 ‘solere‘
527 2860 592 2909 from
603 2859 675 2910 loru.

181 2953 204 2988 a.
220 2941 358 2988 virtutes:
375 2938 542 2995 secretarii
557 2951 595 3000 13.

181 3016 440 3069 cmxxxi-6.
462 3019 721 3075 principalitatem:
755 3016 970 3082 ‘praeminentes
999 3018 1151 3085 ‘priority'z

147 3111 175 3145 so
186 3097 261 3160 again
273 3096 305 3144 de
316 3097 394 3145 anim.
408 3108 446 3157 13.
480 3101 488 3125 ‘
495 3095 715 3159 Principalitatem
727 3095 867 3161 dicitquod
881 3097 968 3147 statim
982 3114 999 3147 a
1015 3099 1151 3163 primordio

145 3174 203 3232 fuit,
225 3175 399 3240 posteritatem
421 3173 489 3238 qnod
511 3179 598 3236 postea
620 3172 759 3239 subrepsit’
785 3174 906 3240 (Rtpolf).
941 3176 1149 3242 ‘Principalitas'

146 3253 234 3302 stands
245 3253 283 3302 for
293 3250 367 3315 ἀρχή,
379 3252 448 3301 Iren.
459 3252 477 3302 i.
490 3265 530 3314 31·
544 3265 572 3312 ις
588 3250 615 3302 ii.
630 3266 650 3302 1.
665 3267 694 3313 23
710 3250 746 3302 iii.
759 3266 782 3316 3.
797 3266 824 3313 13
841 3268 865 3304 v.
880 3266 917 3317 14„

181 3341 204 3395 7.
221 3335 430 3389 disputandam.
465 3331 498 3381 so
508 3331 592 3394 Aqola,
604 3331 677 3396 aaa:
694 3331 866 3396 deputandam
877 3333 978 3398 reliqui.

179 3410 202 3459 8.
219 3413 378 3468 parabolae.
412 3410 438 3458 S.
450 3409 528 3460 Matt.
540 3409 595 3457 xiii.
608 3418 639 3473 37
650 3409 677 3458 ff.

177 3502 202 3551 9.
219 3501 381 3550 avenarum,
394 3487 467 3536 ‘wild
483 3485 549 3537 oats¹
561 3488 631 3549 Ceto,
644 3488 676 3536 de
689 3502 716 3537 rc
727 3491 791 3537 raet.
803 3496 843 3551 37.
856 3503 886 3551 4:
903 3505 981 3553 comp.
994 3489 1060 3540 Plin.
1070 3489 1148 3540 NJI.

144 3564 214 3614 xviii.
228 3575 267 3629 17.
281 3570 294 3625 §
310 3579 356 3630 149
369 3565 499 3615 ‘Primum
510 3567 622 3615 omnium
633 3566 754 3616 frumenti
765 3567 856 3616 vitium
867 3583 947 3617 avena
958 3565 1015 3617 est'

179 3658 217 3694 10.
235 3646 325 3694 faeni:
338 3644 455 3709 properly
467 3642 560 3709 ‘hay':
577 3644 647 3706 here,
660 3643 760 3695 ‘weed‘

177 3723 259 3773 Once.
270 3721 467 3773 xxm-18.
484 3727 625 3785 ceterum,
633 3726 659 3772 ai
668 3738 740 3782 quae
752 3727 866 3774 audent.
891 3721 997 3788 Having
1008 3724 1078 3774 dealt
1085 3724 1149 3774 with

145 3801 190 3852 the
207 3801 325 3867 question
342 3801 371 3851 of
385 3801 445 3852 date
462 3802 513 3852 and
529 3801 582 3853 late
600 3801 690 3867 origin,
705 3802 849 3851 Tertullian
865 3818 920 3851 now
938 3801 1025 3868 brings
1041 3803 1149 3853 forward
