2724 4356
146 310 204 358 cn.
221 303 290 369 x11.]
343 292 383 357 de
404 291 665 377 Praescrzptione
687 291 946 378 Haereticorum.
1102 307 1144 374 47

144 462 272 524 enimsi
296 463 375 540 quod
397 461 486 523 debui
506 462 625 522 credere
653 462 773 536 credidi,
796 468 827 522 et
850 462 931 522 alind
956 461 1051 521 denuo
1074 466 1147 539 puto

143 562 369 640 requirendum3
392 581 475 640 spero
488 563 592 639 utiquc
606 568 636 621 ct
649 562 731 621 aliud
744 581 806 622 esse
820 561 1043 632 inveniendum
1065 560 1147 619 nullo

144 663 229 721 modo
252 666 424 740 speraturus
447 660 536 733 istud,
563 660 622 720 nisi
644 660 714 738 quia
739 665 792 720 aut
813 681 872 720 non
893 661 1072 719 credideram
1096 657 1148 736 qui

143 759 265 819 videbar
288 759 453 831 credidisse,
475 764 526 819 ant
553 758 628 819 desii
655 757 820 818 credidisse.
863 759 912 818 Ita
938 758 1025 816 fidem
1052 777 1148 816 meam
1192 829 1206 844 ,

144 859 286 932 deserens,
298 862 422 935 negator
430 857 573 918 invenior.
599 857 696 918 Semel
706 857 840 930 dixerim,
851 858 945 916 Nemo
956 855 1081 934 quaerit,
1089 854 1148 914 nisi
1162 875 1175 925 5

144 957 197 1033 qui
210 962 264 1016 aut
277 978 336 1017 non
350 957 463 1029 habuit,
475 962 529 1017 aut
539 955 679 1035 perdidit.
720 956 895 1017 Perdiderat
904 976 992 1015 unam
1003 975 1039 1015 cx
1049 955 1149 1015 decem

144 1056 290 1116 drachmis
315 1075 388 1115 anus
411 1055 472 1129 illa,
490 1061 521 1115 et
543 1055 609 1116 ideo
628 1055 806 1133 quaerebat,
829 1055 881 1114 ubi
903 1060 1002 1115 tamen
1024 1053 1148 1126 invenit,

144 1175 283 1232 quaerere
293 1155 390 1214 desiit.
425 1155 533 1214 Panem
543 1154 658 1214 vicinus
669 1174 726 1213 non
735 1154 870 1227 habebat,
880 1159 911 1214 st
921 1154 985 1213 idco
993 1153 1128 1231 pulsabat
1141 1172 1148 1212 ι

144 1253 194 1312 ubi
210 1259 310 1313 tamen
326 1258 459 1331 apertum
475 1258 521 1312 est
536 1253 564 1312 ei
577 1259 607 1312 et
620 1251 741 1330 accepit,
753 1253 871 1330 pulsare
884 1252 1015 1312 cessavit.
1050 1251 1149 1309 Vidua

143 1353 265 1413 aiudice
275 1353 395 1431 petebat
406 1353 512 1426 audiri,
524 1353 594 1430 quia
602 1373 661 1412 non
671 1353 903 1415 admittebatur:
925 1353 976 1413 sed
986 1352 1037 1412 ubi
1046 1351 1149 1411 audita
1163 1366 1194 1404 10

144 1458 196 1523 est,
205 1450 346 1511 hactenus
359 1449 480 1509 institit.
521 1448 605 1509 Adeo
619 1449 687 1509 finis
702 1457 745 1510 est
756 1455 786 1510 et
797 1450 956 1528 quaerendi
967 1457 997 1510 et
1011 1450 1149 1528 pulsandi

144 1554 174 1609 et
187 1550 315 1628 petendi.
358 1548 475 1609 Petenti
494 1549 571 1608 enim
586 1549 714 1621 dabitur,
728 1549 836 1628 inquit,
852 1555 883 1609 et
901 1548 1035 1627 pulsanti
1053 1549 1149 1626 aperi·

142 1654 217 1720 etur,
227 1655 256 1707 et
265 1647 419 1726 quaerenti
428 1647 605 1707 invenietur.
634 1648 751 1708 Viderit
760 1647 812 1727 qui
824 1647 938 1726 quaerit
947 1668 1069 1725 semper,
1079 1647 1150 1724 quia

144 1766 202 1804 non
215 1746 346 1806 invenit:
368 1746 430 1806 illic
445 1745 524 1806 enim
539 1747 663 1824 quaerit,
673 1747 727 1805 ubi
740 1767 799 1806 non
813 1745 989 1806 invenietur.
1032 1745 1149 1806 Viderit

145 1845 195 1922 qui
223 1865 338 1922 semper
364 1845 470 1924 pulsat,
498 1845 568 1923 quia
591 1866 743 1923 nunquam
771 1846 941 1923 aperietur:
971 1844 1043 1903 illuc
1070 1843 1193 1914 enim15

144 1944 254 2022 pulsat,
269 1943 320 2003 ubi
341 1964 427 2004 nemo
446 1951 499 2003 est.
542 1943 658 2003 Viderit
677 1944 729 2022 qui
751 1965 866 2022 semper
882 1942 969 2022 petit,
985 1942 1056 2021 quia
1075 1962 1149 2001 nun·

145 2063 234 2119 quam
250 2043 406 2102 audietur:
428 2043 466 2102 ab
480 2063 515 2104 eo
529 2044 608 2102 enim
621 2042 707 2122 petit,
722 2043 843 2122 quinon
857 2042 951 2103 audit.

528 2255 664 2316 CAPUT
686 2255 758 2316 XII.

187 2405 287 2466 Nonus
308 2406 365 2466 etsi
385 2407 583 2485 quaerendum
602 2411 646 2467 est
667 2407 761 2466 adhuc
783 2412 813 2466 et
831 2427 953 2484 semper,
976 2405 1027 2465 ubi
1049 2410 1148 2466 tamen

147 2504 249 2583 quaeri
273 2507 410 2584 oportet?
452 2505 542 2584 Apud
565 2504 737 2579 haereticos,
760 2505 813 2565 ubi
838 2505 935 2564 omnia
959 2511 1098 2565 extranea
1118 2512 1149 2566 et

147 2603 315 2664 adversaria
342 2609 460 2665 nostrae
495 2603 626 2676 veritati,
654 2605 692 2663 ad
727 2624 799 2682 quos
826 2609 961 2664 vetamur
993 2604 1148 2664 accederet
1163 2620 1194 2657 ²0

148 2702 221 2776 Quis
235 2723 336 2762 servus
351 2703 462 2763 cibaria
475 2703 513 2763 ab
527 2708 676 2775 extranco,
691 2723 728 2762 ne
742 2703 838 2763 dicam
852 2704 888 2763 ab
905 2702 1023 2762 inimico
1038 2701 1149 2762 domini

148 2802 202 2875 sui,
215 2804 334 2880 sperat‘t
370 2801 444 2876 Quis
457 2801 541 2862 miles
554 2802 591 2862 ab
606 2801 804 2874 infoederatis,
816 2823 852 2862 ne
863 2802 958 2861 dicam
968 2802 1006 2861 ab
1015 2801 1150 2862 hostibus

147 2899 275 2980 regibus,
291 2900 463 2960 donativum
482 2905 512 2960 et
529 2900 707 2980 stipendium
722 2906 830 2979 captat,
846 2900 904 2962 nisi
918 2902 1003 2980 plane
1017 2901 1150 2961 desertor

181 3065 265 3114 Onon.
288 3063 396 3127 XI.-5.
414 3069 540 3123 negator.
576 3063 602 3113 A
625 3063 766 3128 post-class.
789 3065 867 3114 word.
907 3066 934 3114 It
954 3080 1038 3114 recuro
1058 3063 1148 3126 belona

148 3144 249 3208 ch.14;
266 3143 296 3192 de
313 3159 358 3193 res.
375 3157 444 3192 cum.
463 3157 495 3207 39
514 3145 650 3206 ‘respuens
666 3148 799 3206 negatores
816 3143 870 3192 eius
886 3140 1062 3194 Sadducaeos!
1095 3143 1150 3192 The

148 3221 209 3274 sem.
224 3223 342 3286 uepctrs'ae
354 3236 439 3270 occurs
450 3222 480 3270 de
492 3221 554 3271 idol.
570 3234 608 3282 23.

182 3309 204 3364 7.
222 3315 293 3351 snus
305 3303 362 3350 illa
397 3299 422 3349 S.
434 3298 507 3348 Lnke
517 3301 601 3359 xv.8;
617 3299 696 3363 xi.5;
713 3299 850 3349 xviiiaff.

183 3391 221 3428 10.
241 3381 454 3429 admittebatur.
478 3377 533 3427 The
544 3377 671 3427 techniosl
683 3377 753 3427 word
764 3377 804 3426 for
814 3377 948 3442 ‘granting
956 3393 989 3427 an
1000 3377 1122 3426 audiente
1130 3374 1148 3427 ’z

149 3456 243 3518 Cicero,
254 3456 304 3520 Ep.
317 3457 423 3520 adnm.
435 3454 487 3506 xiii.
502 3469 550 3519 5a;
567 3456 670 3521 dcoffic.
682 3457 699 3506 i.
712 3470 759 3521 393
775 3455 877 3506 Sueten.
888 3456 955 3520 Aup.
967 3470 1008 3519 52,
1021 3466 1060 3520 79.

184 3548 223 3585 11.
239 3538 385 3591 hactenus.
402 3535 451 3586 ie.
469 3537 534 3583 ‘non
551 3531 637 3596 ultrs,'
657 3537 803 3600 ‘nunquam
819 3534 940 3599 posthac!
972 3534 1034 3583 This
1050 3534 1073 3582 is
1089 3533 1149 3582 'sor-

148 3610 264 3663 tullian's
276 3613 395 3677 ordinary
405 3628 451 3662 use
463 3612 492 3661 of
505 3612 550 3661 the
561 3612 645 3662 word:
663 3628 742 3677 comp.
756 3613 787 3662 de
798 3617 855 3664 test.
867 3629 910 3663 aa.
924 3625 954 3672 1;
974 3612 1006 3660 de
1016 3626 1065 3662 res.
1078 3626 1148 3660 curn.

149 3691 196 3756 583
215 3690 1026 3756 depall.a;deici.1o;deeoebort.caat.1;adv.Herm.34

184 3783 222 3820 ιι.
241 3772 354 3828 inquit:
370 3784 403 3819 sc.
416 3766 571 3821 ‘Dominus’
606 3769 631 3820 S.
643 3769 716 3821 Luke
726 3770 761 3821 xi.
775 3784 813 3821 ιο.

184 3861 222 3913 13·
238 3850 360 3899 Viderit.
394 3846 571 3912 Scenotc,ch.
585 3858 608 3912 7.
