2724 4356
163 262 223 310 cn.
241 254 370 321 xxxma]
402 247 442 311 de
465 247 722 328 Praescriptione
743 245 1001 310 Haereticcrum.
1122 257 1162 328 75

162 417 274 476 itidem.
339 417 462 477 Perinde
497 417 602 494 utique
636 422 667 477 et
701 422 813 476 ceterae
847 415 988 476 exhibent
1023 436 1094 493 quos
1125 415 1163 474 ab

162 517 300 593 apostolis
334 517 367 575 in
401 517 600 595 episcopatum
637 516 814 575 constitutos
854 514 1010 593 apostolici
1045 513 1163 574 seminis

162 614 297 674 traduces
310 615 446 676 habeant.

205 714 383 791 Confingant
405 714 464 773 tale
486 713 599 792 aliquid
623 712 771 773 haeretici.
813 712 893 788 Quid
914 713 992 771 enim
1012 711 1072 771 illis
1095 717 1164 789 post

162 811 373 889 blasphemiam
399 813 537 873 illicitum
566 815 632 873 esti
685 813 743 872 Sed
771 812 827 872 etsi
856 811 1059 885 confinxerint,
1089 810 1191 881 nihil5

162 913 381 987 promovebunt.
423 911 492 989 Ipsa
519 911 598 970 enim
622 911 754 971 doctrina
781 932 883 970 eorum
911 932 978 970 cum
1005 909 1165 987 apostolica

163 1017 338 1087 comparata,
353 1030 391 1070 ex
410 1011 582 1070 diversitate
600 1016 631 1070 et
650 1011 857 1071 contrarietate
878 1032 930 1069 sua
950 1008 1162 1089 pronuntiabit,

162 1128 256 1185 neque
270 1110 395 1186 apostoli
409 1109 532 1168 alicuius
551 1110 680 1170 auctoris
701 1131 770 1182 esse,
785 1131 879 1188 neque
900 1108 1071 1188 apostolici3
1095 1107 1164 1185 quia

162 1206 239 1266 sicut
253 1208 377 1285 apostoli
390 1229 448 1267 non
463 1208 578 1268 diversa
591 1209 671 1268 inter
685 1231 714 1268 se
729 1209 900 1282 docuissent,
912 1209 955 1268 ita
969 1215 1000 1268 et
1014 1206 1165 1286 apostolici

162 1325 221 1363 non
243 1306 389 1366 contraria
409 1307 548 1385 apostolis
571 1307 738 1380 edidissent,
754 1307 812 1366 nisi
832 1307 879 1365 illi
900 1307 953 1384 qui
973 1307 1011 1366 ab
1027 1305 1164 1383 apostolis
1180 1319 1209 1354 10

163 1403 329 1463 didicerunt
349 1405 436 1464 aliter
457 1406 708 1484 praedicaverunt.
755 1406 804 1464 Ad
825 1406 901 1465 hanc
921 1405 1021 1483 itaque
1042 1406 1164 1464 formam

161 1503 365 1580 probabuntur
379 1505 416 1564 ab
430 1505 490 1564 illis
504 1505 641 1576 ecclesiis,
656 1504 813 1583 quaelicet
830 1505 944 1564 nullum
967 1526 1003 1564 ex
1025 1503 1164 1582 apostolis

162 1602 207 1661 vel
223 1603 390 1681 apostolicis
401 1609 550 1662 auctorem
563 1624 646 1664 suum
660 1603 817 1682 proferant,
828 1611 862 1663 ut
876 1603 966 1662 multo
980 1602 1162 1680 posteriores,

162 1721 235 1779 quae
260 1702 387 1779 denique
415 1702 534 1762 cottidie
555 1701 768 1775 instituuntur,
793 1709 891 1762 tamen
919 1702 951 1761 in
979 1703 1080 1762 eadem
1107 1702 1165 1761 fide

162 1801 362 1877 conspirantes
383 1822 442 1860 non
462 1803 558 1860 minus
578 1802 751 1880 apostolicae
773 1801 953 1879 deputantur
971 1786 1025 1879 pro
1044 1817 1208 1867 consen-15

161 1898 307 1977 guinitate
321 1898 477 1960 doctrinae.

204 1998 254 2056 Ita
267 2019 366 2057 omnes
380 1999 512 2058 haereses
526 2000 564 2058 ad
579 2002 734 2075 utramque
748 2000 872 2059 formam
886 2021 903 2058 a
917 1998 1025 2058 nostris
1035 1996 1164 2059 ecclesiis

163 2101 335 2174 provocatae
349 2098 473 2174 probent
487 2118 517 2156 se
531 2118 648 2175 quaqua
667 2105 775 2176 putant
796 2097 978 2175 apostolicas.
1021 2096 1078 2157 Sed
1093 2097 1165 2155 adeo

163 2214 215 2253 nec
238 2200 316 2267 sunt,
332 2215 384 2253 nec
405 2196 528 2272 probare
548 2201 672 2274 possunt
693 2197 771 2273 quod
792 2216 850 2254 non
871 2201 958 2269 sunt3
984 2216 1037 2254 nec
1058 2194 1165 2272 recipi-

162 2298 255 2352 untur
279 2293 310 2351 in
335 2314 434 2371 pacem
459 2299 489 2354 et
514 2295 806 2354 communicationem
830 2295 868 2354 ab
889 2293 1020 2353 ecclesiis
1049 2312 1164 2371 quoquo
1178 2315 1209 2349 υο

163 2392 250 2452 modo
271 2393 448 2470 apostolicis,
470 2394 590 2468 scilicet,
609 2394 646 2454 ob
666 2393 866 2454 diversitatem
887 2392 1061 2453 sacramenti
1082 2392 1164 2451 nullo

162 2492 245 2550 modo
259 2492 442 2570 apostolicae.

511 2650 648 2711 CAPUT
669 2651 819 2712 XXXIII.

202 2780 352 2841 Anniano
372 2783 547 2861 superhaec
564 2784 693 2862 ipsarum
707 2783 907 2843 doctrinarum
925 2781 1163 2859 recognitionem,

112 2896 114 2900 ’
162 2899 236 2956 quae
263 2887 335 2938 tunc
363 2880 418 2939 sub
446 2880 588 2959 apostolis
616 2881 745 2954 fuerunt,
775 2880 812 2939 ab
844 2880 938 2940 isdem
965 2880 1106 2958 apostolis
1135 2887 1166 2940 et

92 3017 94 3021 Α
161 3027 209 3088 Τῆς
226 3025 251 3075 δὲ
268 3025 392 3088 Ῥωμαίων
410 3026 541 3090 ἐκκλησίας
559 3026 630 3077 Λίνος
647 3027 692 3089 μὲν
711 3029 725 3078 ὀ
744 3027 863 3077 Κλαυδίας
881 3027 972 3091 πρῶτος
990 3025 1037 3076 ὑπὸ
1056 3025 1164 3091 Παύλου,

161 3104 262 3167 Κλήμης
273 3104 298 3154 δὲ
310 3104 372 3167 μετὰ
383 3104 428 3154 τὸν
437 3104 510 3156 Λίνου
519 3105 623 3156 θάνατον
631 3107 669 3156 ὑπ’
678 3107 738 3167 ἐμοῦ
747 3106 841 3171 Πέτρου
850 3106 959 3171 δεύτερος
967 3105 1164 3171 κεχειροτόνηται

162 3183 321 3249 {triuncem}
355 3185 396 3234 On
407 3185 451 3233 the
463 3186 543 3235 whole
557 3185 655 3250 subject
666 3187 694 3236 cf
709 3186 752 3236 the
767 3187 838 3251 early
850 3187 949 3236 Roman
965 3187 1111 3246 succession,
1124 3202 1165 3235 see

161 3262 298 3328 Lightfoot,
311 3279 364 3314 aa.
375 3264 391 3313 i.
406 3278 451 3313 201
465 3265 491 3314 ff.

196 3358 218 3408 3.
236 3346 381 3391 traduces:
399 3358 441 3392 see
451 3348 518 3404 nota,
530 3343 568 3394 ch.
583 3356 622 3394 20.

198 3434 236 3470 11.
254 3423 425 3471 didicerunt.
450 3421 574 3485 SoApob,
585 3423 657 3487 Rip:
669 3421 843 3484 discesserunt,
856 3423 945 3472 Ciam:
957 3422 1114 3471 desciverunt
1121 3421 1164 3470 rel.

197 3512 235 3563 14.
251 3502 387 3557 denique:
406 3515 447 3549 see
458 3504 524 3560 note,
535 3500 574 3549 ch.
588 3515 609 3549 ο.

198 3587 236 3639 17.
255 3581 291 3627 ad
302 3583 451 3636 utramque
466 3581 595 3641 formam,
611 3577 628 3627 i.
634 3595 655 3629 e.
670 3578 800 3643 Apostolic
814 3579 952 3629 succession
968 3576 1019 3627 and
1033 3575 1165 3641 Apostolic

160 3654 280 3705 doctrine.

197 3747 235 3799 19.
251 3736 429 3792 recipiuntur
439 3738 471 3784 in
481 3750 592 3793 pacem:
610 3750 651 3784 see
661 3739 730 3798 note,
741 3735 780 3784 ch.
793 3750 833 3800 30.

197 3827 236 3863 ar.
253 3816 429 3871 sacramenti,
442 3813 597 3865 ‘doctrine':
615 3830 656 3864 see
667 3821 735 3877 note,
746 3815 784 3864 ch.
798 3828 836 3863 κο.
