2724 4356
214 257 254 326 72
617 239 815 307 Tertulliani
1043 247 1115 314 [cn.
1131 253 1214 303 xxx.

213 418 409 492 separaretur,
430 417 532 492 postea
551 410 662 472 factum
684 419 849 490 separatum
870 410 1058 490 posteriorem
1086 411 1216 471 ostendit

212 518 418 590 separatorem.
470 509 548 570 Item
575 509 762 584 Valentinus,
793 510 881 570 aliter
908 531 1063 588 exponens,
1092 516 1123 570 et
1152 509 1216 570 sine

212 610 301 669 dubio
312 610 478 680 emendans,
489 608 544 668 hoc
555 609 672 668 omnino
687 607 828 687 quicquid
839 609 982 681 emendat,
994 613 1030 668 ut
1043 610 1216 670 mendosum

212 715 302 784 retro,
317 708 441 769 alterius
454 707 544 768 fuisse
559 707 750 767 demonstrat.

184 831 199 882 5
255 809 318 867 Hos
345 812 381 868 ut
407 806 582 884 insigniores
611 809 642 864 et
670 804 880 883 frequentiores
908 805 1057 865 adulteros
1081 805 1217 867 veritatis

212 905 404 966 nominamus.
456 904 596 965 Ceterum
620 908 650 963 et
674 903 815 981 Nigidius
836 903 1015 982 nescioqui,
1038 909 1069 964 et
1089 902 1215 965 Hermo·

212 1025 310 1084 genes,
338 1012 369 1064 et
398 1003 486 1063 multi
520 1003 572 1064 alii
607 1002 703 1062 adhuc
738 1002 890 1061 ambulant
924 1007 1125 1080 pervertentes
1152 1004 1217 1063 vias

212 1103 343 1162 Domini.
382 1101 549 1162 Ostendant
567 1100 640 1159 mihi
653 1121 691 1160 ex
705 1120 763 1177 qua
776 1099 952 1160 auctoritate
967 1099 1150 1178 prodierinti
1182 1101 1217 1160 Si

213 1202 305 1262 alium
320 1201 416 1260 Deum
430 1200 610 1279 praedicant,
626 1198 769 1276 quomodo
790 1198 854 1258 eius
868 1198 926 1258 Dei
947 1199 1035 1258 rebus
1055 1205 1085 1259 et
1105 1199 1216 1259 litteris

170 1305 244 1360 roet
271 1299 438 1359 nominibus
472 1303 607 1370 utuntur,
636 1297 776 1356 adversus
811 1317 897 1373 quem
932 1297 1125 1374 praedicanti
1183 1297 1216 1358 si

214 1399 347 1470 eundem,
362 1397 502 1476 quomodo
523 1397 628 1456 aliteri
671 1395 801 1455 Probent
821 1414 851 1454 se
871 1415 961 1455 novos
978 1396 1120 1474 apostolos
1135 1416 1216 1456 esse:

213 1497 315 1557 dicant
328 1496 480 1554 Christum
500 1494 608 1553 iterum
622 1493 813 1566 descendisse,
829 1493 937 1553 iterum
958 1493 1054 1572 ipsum
1076 1493 1215 1568 docuisse,

213 1594 322 1655 iterum
350 1593 531 1666 crucifixum,
553 1592 662 1652 iterum
686 1597 843 1659 mortuum,
867 1591 975 1651 iterum
1000 1593 1216 1655 resuscitatum.
1259 1618 1262 1624 ·

215 1693 266 1755 Sic
280 1692 357 1753 enim
370 1692 520 1769 apostolus
541 1691 698 1769 descripsit
720 1686 815 1772 [eum]
830 1691 975 1769 apostolos
997 1691 1088 1750 solere
1102 1694 1216 1765 facere3

247 1915 271 1963 4
290 1902 416 1949 alterius.
450 1897 483 1948 So
494 1897 589 1963 Apohr
605 1898 716 1947 anterius
728 1897 799 1962 neq,
812 1895 886 1947 tiela.
903 1897 961 1949 Ura.

248 1977 272 2030 6.
290 1979 427 2036 Nigidius
441 1978 610 2034 nescioqui.
645 1974 680 2026 Oi
692 1975 812 2039 Nigidius
828 1975 934 2040 nothing
950 1976 973 2025 is
988 1976 1080 2026 known
1098 1976 1217 2042 (Hilgen-
1294 2036 1298 2043 .

216 2056 277 2118 ield,
297 2054 536 2120 Ketaergesctictta
556 2053 624 2118 554).
657 2054 830 2118 Hermogenes
849 2053 872 2102 is
890 2055 1008 2104 attached
1029 2055 1058 2104 in
1076 2071 1110 2104 un
1129 2060 1218 2105 extant

215 2135 318 2187 trectise
329 2135 357 2183 oi
363 2133 511 2183 Tertullian.
1166 2123 1169 2135 '

250 2214 273 2262 8.
291 2213 450 2261 Ostendant
472 2213 558 2261 mihi:
586 2226 665 2276 comp.
688 2210 721 2259 dc
739 2226 810 2260 cara.
833 2209 895 2262 err.
920 2224 932 2258 a
957 2211 1012 2259 ‘Ex
1033 2227 1093 2275 qua,
1116 2228 1159 2262 oro
1181 2217 1216 2274 ts,

216 2290 382 2341 auctoritatei
417 2289 439 2338 si
467 2287 601 2353 apostolus,
631 2288 748 2353 praedica
775 2288 890 2354 publice3
922 2287 945 2337 si
971 2290 1131 2352 apostolicus,
1159 2307 1218 2341 cnm

216 2369 334 2434 apostolis
353 2365 435 2417 senti!
467 2367 521 2416 rae
538 2373 670 2432 argument
687 2368 709 2417 is
725 2367 840 2418 imitated
859 2368 893 2433 by
909 2368 1026 2432 Optatus,
1043 2369 1078 2418 iii.
1097 2382 1143 2430 113
1166 2368 1218 2418 and
1280 2371 1284 2379 '

215 2446 317 2508 Pacian,
329 2446 411 2510 Epist.
424 2459 446 2508 3.

249 2540 274 2591 9.
291 2527 432 2584 quomodo
449 2525 511 2573 eius
523 2525 577 2572 Dei
590 2527 689 2574 rebus:
715 2540 794 2588 comp.
811 2524 842 2573 de
857 2539 927 2575 cara.
945 2523 1004 2574 oar.
1020 2521 1036 2573 6
1052 2523 1116 2573 ‘Sed
1132 2529 1219 2575 tamen

216 2604 291 2668 quale
307 2607 346 2652 est
362 2607 392 2651 ut
410 2601 514 2650 alterius
530 2601 632 2666 regulae
647 2603 710 2652 fides
726 2602 759 2652 ab
776 2618 805 2651 ea
821 2601 870 2650 fide
886 2617 962 2666 qnam
977 2604 1109 2668 impugnat
1125 2603 1218 2653 iustru-

216 2687 330 2732 mentum
345 2679 606 2744 argumentationibus
623 2680 674 2730 suis
691 2681 838 2730 mutuaturi
871 2680 898 2730 si
915 2680 980 2729 alius
996 2681 1066 2731 Deus
1079 2686 1126 2743 est,
1143 2683 1219 2733 aliter·

217 2761 269 2809 sint
280 2775 319 2808 res
330 2760 391 2808 eius.
419 2758 469 2808 Sed
480 2762 586 2807 utuntur
596 2756 718 2808 haeretici
729 2774 814 2808 omnes
823 2757 953 2822 scripturis
965 2759 1019 2808 eius
1028 2759 1099 2810 cuius
1110 2765 1219 2812 utuntur

216 2839 294 2888 etiam
304 2836 414 2886 mundo.’

252 2929 290 2979 14.
309 2919 357 2965 Sio
368 2918 445 2964 enim
456 2917 607 2974 apostolus,
620 2913 662 2964 ise.
689 2915 770 2964 There
782 2914 805 2963 is
815 2929 848 2962 an
859 2913 1030 2979 old-standing
1040 2916 1184 2980 corruption
1193 2916 1222 2967 oi

216 2994 260 3044 the
271 2999 326 3044 text
341 2994 409 3043 here.
430 2992 504 3058 Agat.
516 2992 591 3042 reads
603 2992 645 3043 Sic
656 2992 722 3043 enim
737 2993 862 3058 apostolus
876 2992 1015 3058 descripsit.
1050 2995 1122 3044 Solet
1136 2995 1219 3046 facere

217 3074 284 3131 dare,
297 3073 340 3122 dec.
374 3071 451 3121 Laid.
463 3070 514 3120 and
529 3071 595 3134 edd,
608 3071 649 3121 Sic
666 3073 733 3122 enim
749 3072 874 3138 apostolos
890 3071 955 3121 solet
971 3072 1065 3134 facere;
1088 3073 1154 3138 dare,
1165 3074 1217 3135 dec,

217 3150 299 3201 which
317 3151 339 3200 is
358 3149 447 3214 simple
466 3149 572 3214 enough,
590 3149 637 3199 but
656 3150 714 3200 does
733 3155 778 3200 not
797 3156 904 3200 account
927 3151 966 3200 ior
988 3150 1031 3200 the
1051 3152 1173 3201 insertion
1193 3153 1222 3202 of

217 3226 375 3294 ‘descripsit'
392 3229 420 3277 in
430 3226 510 3293 Agat.
537 3228 630 3293 Rigalt
646 3230 766 3294 proposed
781 3234 808 3278 to
821 3229 883 3278 omit
895 3228 974 3279 ‘solet
989 3228 1084 3279 facere‘
1096 3229 1161 3279 from
1174 3232 1219 3281 the

216 3312 273 3358 text
290 3307 319 3357 oi
331 3306 417 3371 Agat,
434 3306 486 3355 and
502 3312 529 3355 to
545 3306 701 3357 understand
719 3307 840 3357 ‘Dicant'
857 3307 942 3357 before
959 3306 1166 3371 ‘dare’z-shus,
1178 3310 1220 3360 Sic

217 3387 285 3436 enim
296 3384 424 3450 apostolus
435 3384 571 3449 descripsit.
602 3384 721 3451 [Dicant]
734 3387 802 3444 dare,
815 3387 866 3448 isc,
878 3384 961 3435 which
976 3386 1046 3450 gives
1060 3386 1126 3450 good
1139 3404 1219 3449 sense,

216 3464 600 3528 butarbitrarilyomitsfacere.
632 3463 1218 3529 Oetlcrboldlyrepeats⁴sicenim,‘punctuat-

215 3544 260 3610 ing
289 3544 356 3606 thur,
382 3543 424 3592 sie
452 3541 520 3592 enim
547 3542 674 3606 apostolus
696 3542 836 3607 descripsit,
858 3543 894 3591 sic
916 3542 984 3591 enim
1006 3545 1128 3607 apostolos
1156 3546 1220 3594 solet

217 3623 305 3684 iacere,
315 3622 383 3680 dare,
390 3621 449 3683 διας
465 3621 512 3670 but
523 3619 568 3670 the
579 3620 675 3684 change
684 3621 713 3670 of
720 3621 818 3684 subject
828 3621 892 3669 from
904 3619 1058 3686 ‘apostolus'
1070 3623 1097 3670 in
1108 3622 1152 3672 tha
1164 3623 1219 3673 first

217 3701 301 3750 clause
316 3705 343 3749 to
355 3699 492 3766 [Christus]
506 3699 534 3747 in
549 3699 593 3748 the
608 3697 699 3747 second
713 3698 807 3763 isvery
819 3698 902 3748 harsh.
936 3699 969 3748 In
984 3698 1028 3748 the
1043 3699 1220 3766 impossibility

217 3780 245 3829 oi
252 3778 369 3844 resening
380 3777 424 3828 the
436 3776 542 3842 original
552 3776 633 3827 words
645 3776 659 3824 1
674 3775 739 3826 have
749 3775 876 3840 preferred
891 3781 919 3826 to
934 3777 1006 3841 print
1020 3777 1065 3826 the
1075 3793 1179 3843 passage
1191 3795 1219 3828 as
