2724 4356
218 253 260 336 58
622 253 820 319 Tertulliani
1049 262 1121 328 [cn.
1136 266 1221 316 xxn.

219 425 390 498 dicaverint,
414 426 446 485 id
475 433 529 498 est,
554 426 627 505 quid
654 426 715 486 illis
744 425 878 486 Christus
905 424 1091 497 revelaverit,
1114 429 1146 484 et
1172 423 1222 482 hic

219 525 413 603 praescribam
428 545 486 584 non
499 524 587 586 alitor
600 525 720 603 probari
733 525 846 597 dobere,
861 524 919 584 nisi
933 544 987 602 per
1000 524 1116 583 easdem
1130 523 1221 582 cccle-

220 625 278 683 sias
295 644 367 701 quas
381 625 437 701 ipsi
458 624 582 702 apostoli
599 623 802 695 condiderunt,
817 624 876 702 ipsi
895 623 937 683 eis
951 622 1146 700 praedicando
1159 627 1223 682 tam

221 723 298 795 viva,
313 723 392 800 quod
406 723 499 796 aiunt,
514 743 584 782 voce
598 743 686 799 quam
700 742 754 799 per
768 722 908 799 epistulas
923 727 1035 798 postea.

194 841 208 890 5
263 821 295 880 Si
316 820 386 879 haec
405 821 449 880 ita
467 826 545 894 sunt,
561 825 675 880 constat
692 820 813 898 perinde
830 840 944 880 omnem
961 818 1132 891 doctrinam,
1148 839 1224 895 quae

222 918 363 979 cumillis
379 918 509 979 ecclesiis
525 919 693 996 apostolicis
712 918 884 980 matricibus
903 925 933 978 et
947 917 1140 996 originalibus
1154 916 1224 977 fidei

223 1017 377 1095 conspiret,
388 1018 509 1077 veritati
519 1018 732 1095 deputandam
753 1018 785 1077 id
799 1017 861 1078 sine
876 1017 966 1076 dubio
982 1022 1131 1078 tenentem
1145 1017 1225 1093 quod

222 1116 359 1177 ecclesiae
384 1118 421 1176 ab
445 1116 591 1194 apostolis,
617 1117 741 1194 apostoli
765 1137 783 1176 a
806 1116 935 1188 Christo,
958 1115 1095 1177 Christus
1120 1138 1138 1175 a
1160 1115 1225 1176 Deo

223 1215 354 1294 accepit:
377 1236 491 1274 omnem
501 1234 571 1274 vero
581 1214 746 1274 doctrinam
754 1215 791 1274 de
800 1215 950 1274 mendacio
958 1214 1225 1293 praeiudicandam,

180 1341 211 1377 10
225 1334 300 1392 quae
322 1312 418 1392 sapiat
443 1319 547 1372 contra
570 1314 726 1373 veritatem
754 1313 941 1374 ecclesiarum
969 1320 1000 1373 et
1025 1313 1226 1391 apostolorum

224 1413 337 1473 Christi
357 1420 387 1472 et
409 1412 473 1471 Dei.
524 1411 666 1491 Superest
689 1432 759 1490 ergo
781 1418 816 1471 ut
840 1414 1072 1472 demonstremus
1094 1433 1132 1471 an
1154 1412 1226 1471 haec

224 1516 325 1570 nostra
336 1509 476 1584 doctrina,
489 1511 572 1570 cuius
579 1511 711 1588 regulam
722 1532 812 1589 supra
822 1511 974 1583 edidimus,
980 1512 1016 1570 de
1026 1510 1227 1589 apostolorum

225 1610 384 1670 traditione
399 1617 558 1681 censeatur,
574 1614 605 1668 et
625 1630 662 1667 ex
680 1608 734 1669 boc
751 1610 822 1687 ipso,
839 1630 876 1669 an
893 1616 1006 1669 ceterae
1023 1611 1059 1668 de
1077 1609 1228 1669 mendacio

226 1709 354 1768 veniant.
404 1706 660 1766 Communicamus
689 1729 756 1767 cum
786 1708 915 1769 ecclesiis
943 1708 1118 1786 apostolicis,
1148 1707 1228 1786 quod

184 1833 212 1882 15
226 1808 309 1866 nulla
322 1806 455 1866 doctrina
472 1807 595 1866 diversa.
638 1809 703 1866 Hoc
716 1813 760 1867 est
774 1799 976 1867 testimonium
987 1807 1131 1867 veritatis.

596 1995 734 2055 CAPUT
755 1995 854 2056 XXII.
944 2032 946 2036 -

270 2145 332 2205 Suu
357 2145 496 2223 quoniam
523 2152 584 2206 tam
608 2146 748 2224 expedita
771 2147 907 2226 probatio
931 2151 983 2218 est,
1008 2151 1052 2218 ut,
1078 2145 1104 2204 si
1128 2144 1229 2204 statim

229 2245 404 2323 proferatur,
421 2245 497 2303 nihil
510 2245 567 2304 iam
585 2246 624 2305 sit
644 2245 869 2316 retractandum,
884 2265 918 2304 ao
937 2244 962 2303 si
978 2244 1093 2322 prolata
1111 2264 1170 2302 nou
1189 2242 1230 2303 sit

228 2344 351 2416 anobis,
366 2344 461 2403 locum
478 2343 598 2403 interim
617 2345 718 2405 demus
738 2345 869 2404 diversae
887 2343 974 2420 parti,
989 2341 1014 2402 si
1033 2342 1104 2420 quid
1122 2348 1230 2420 putant

229 2442 267 2501 ad
295 2442 498 2502 infirmandam
526 2442 601 2503 hanc
632 2443 891 2521 praescriptionem
925 2461 1041 2500 movere
1074 2462 1105 2501 sc
1140 2460 1232 2518 posse.

187 2553 217 2588 ²0
232 2540 333 2601 Solent
361 2540 465 2613 dicere,
496 2562 554 2600 non
582 2542 678 2602 omnia
705 2542 848 2620 apostolos
875 2540 972 2612 scisse,
995 2541 1096 2600 eadem
1123 2538 1231 2615 agitati

264 2725 287 2772 4.
306 2713 381 2770 viva,
400 2714 477 2767 quod
494 2715 584 2772 aiunt,
599 2725 676 2761 voco.
712 2710 824 2760 rThess.
839 2709 866 2760 ii.
884 2723 930 2773 153
950 2709 1079 2759 10or.xi.
1093 2721 1132 2770 23,
1144 2722 1232 2769 xv.1;

231 2788 299 2837 Phil.
310 2789 344 2838 iv.
357 2803 388 2852 93
404 2790 459 2838 Gal.
471 2789 488 2840 i.
501 2804 525 2854 9.

265 2865 289 2916 6.
308 2871 480 2923 apostolicis.
525 2869 566 2916 On
588 2868 633 2917 tbe
654 2867 754 2919 various
779 2868 944 2933 applicatione
971 2867 999 2916 oi
1024 2867 1075 2917 this
1098 2867 1165 2916 word
1190 2882 1232 2918 see

232 2944 372 3008 Ligbtfoot,
385 2945 461 2995 orem.
476 2946 548 2996 Rom.
560 2948 577 2998 i.
592 2960 614 2997 2.

299 3026 476 3075 matricibus.
518 3025 580 3073 This
601 3025 623 3074 ia
644 3040 660 3073 a
680 3041 793 3074 common
811 3025 879 3073 word
901 3024 929 3073 in
951 3024 1092 3073 Tertullian
1115 3024 1154 3073 lor
1173 3023 1233 3073 ‘the

235 3101 341 3165 original
352 3102 425 3151 fount
436 3119 464 3152 or
476 3101 577 3153 source!
609 3104 672 3154 Ado.
683 3103 743 3152 Iud.
757 3118 769 3152 2
783 3103 972 3153 ‘Primordialis
987 3103 1030 3151 lex
1040 3108 1079 3152 est
1093 3103 1160 3152 enim
1170 3102 1233 3151 data

233 3180 308 3229 Adae
325 3187 352 3228 et
365 3180 435 3230 Evae
450 3182 477 3230 in
493 3183 616 3246 paradiso,
629 3183 700 3246 quasi
715 3183 809 3231 matrix
826 3182 938 3230 omnium
954 3187 1141 3246 praeceptorum
1155 3179 1219 3230 Dei'
1227 3197 1234 3241 ;

233 3259 314 3322 Apol.
326 3272 371 3318 213
388 3261 447 3309 ado.
456 3260 543 3311 Herm.
555 3259 599 3321 16;
616 3261 647 3309 dc
655 3262 718 3324 airy.
728 3261 772 3311 vel.
783 3262 876 3324 5‘Eva
886 3261 980 3310 matrix
988 3261 1085 3324 generis
1093 3258 1233 3320 feminini'3

234 3338 292 3387 ado.
306 3336 365 3386 Vol.
379 3348 393 3401 7
406 3353 413 3398 3
429 3340 460 3388 dc
470 3353 518 3388 rea.
530 3354 601 3389 curn.
614 3338 643 3396 6;
661 3341 719 3390 odo.
731 3340 817 3390 Marc.
828 3338 855 3389 ii.
870 3337 910 3399 16,
921 3339 955 3398 ir.
968 3352 1007 3401 35.

268 3430 291 3480 9.
310 3418 345 3465 de
356 3419 513 3473 mendacio,
525 3417 572 3466 ‘de
582 3415 589 3437 ‘
601 3417 623 3466 is
638 3418 719 3467 either
731 3421 779 3467 ‘on
794 3418 838 3467 the
854 3434 922 3468 scone
936 3415 978 3480 oi,’
990 3435 1018 3466 or
1032 3417 1076 3466 the
1092 3415 1234 3481 expression

240 3500 276 3537 =‘
285 3500 315 3544 ut
326 3511 356 3543 ex
367 3495 496 3544 mendacio
507 3495 628 3559 originem
638 3495 789 3546 habentem)

271 3586 309 3624 12.
326 3587 411 3630 supra
422 3576 571 3623 edidimus.
612 3573 657 3623 Ob.
671 3588 708 3637 13.

272 3665 310 3713 13.
328 3657 483 3702 censeatur.
518 3653 564 3701 See
575 3657 641 3712 note,
653 3653 692 3702 ch.
707 3666 746 3702 ιο.

270 3731 353 3780 ΟΗΔΡ.
364 3729 532 3781 xxia-18.
549 3734 672 3780 iuterim.
708 3731 754 3780 See
765 3735 833 3791 note,
845 3730 883 3778 ch.
897 3743 936 3780 πο.

272 3823 310 3860 20.
328 3825 387 3859 non
398 3813 493 3859 omnia
504 3813 646 3868 apostolos
657 3812 750 3860 scisse.
785 3810 871 3872 Gomp.
890 3808 957 3858 Iren.
971 3807 1007 3858 iii.
1022 3821 1043 3858 1.
1059 3821 1069 3856 1
1085 3807 1157 3857 ‘Nec
1168 3807 1237 3858 enim

724 4064 825 4104 A
