<?xml version="1.0" encoding="UTF-8"?>
<!DOCTYPE html PUBLIC "-//W3C//DTD XHTML 1.0 Transitional//EN"
    "http://www.w3.org/TR/xhtml1/DTD/xhtml1-transitional.dtd">
<html xmlns="http://www.w3.org/1999/xhtml" xml:lang="en" lang="en">
 <head>
  <title>
</title>
<meta http-equiv="Content-Type" content="text/html;charset=utf-8" />
  <meta name='ocr-system' content='tesseract 3.04.00' />
  <meta name='ocr-capabilities' content='ocr_page ocr_carea ocr_par ocr_line ocrx_word'/>
</head>
<body>
  <div class='ocr_page' id='page_1' title='image "./depraescription00tertgoog_0109.png"; bbox 0 0 2724 4356; ppageno 0'>
   <div class='ocr_carea' id='block_1_1' title="bbox 212 255 1220 340">
    <p class='ocr_par' dir='ltr' id='par_1_1' title="bbox 212 255 1220 340">
     <span class='ocr_line' id='line_1_1' title="bbox 212 255 1220 340; baseline -0.002 -20"><span class='ocrx_word' id='word_1_1' title='bbox 212 275 255 340; x_wconf 88' lang='lat'><strong>94</strong></span> <span class='ocrx_word' id='word_1_2' title='bbox 618 255 817 322; x_wconf 81' lang='lat' dir='ltr'><em>Tertulliani</em></span> <span class='ocrx_word' id='word_1_3' title='bbox 1031 267 1103 333; x_wconf 62' lang='lat' dir='ltr'><strong>[cis.</strong></span> <span class='ocrx_word' id='word_1_4' title='bbox 1121 271 1220 339; x_wconf 73' lang='lat' dir='ltr'><strong>uuus¹</strong></span> 
     </span>
    </p>
   </div>
   <div class='ocr_carea' id='block_1_2' title="bbox 170 427 1215 1985">
    <p class='ocr_par' dir='ltr' id='par_1_2' title="bbox 183 427 1215 1294">
     <span class='ocr_line' id='line_1_2' title="bbox 212 427 1214 506; baseline 0 -20"><span class='ocrx_word' id='word_1_5' title='bbox 212 435 369 505; x_wconf 78' lang='lat' dir='ltr'><strong>operentur</strong></span> <span class='ocrx_word' id='word_1_6' title='bbox 391 428 532 488; x_wconf 85' lang='lat' dir='ltr'><strong>stantium</strong></span> <span class='ocrx_word' id='word_1_7' title='bbox 553 427 751 488; x_wconf 89' lang='lat' dir='ltr'><strong>aedificiorum</strong></span> <span class='ocrx_word' id='word_1_8' title='bbox 772 448 860 506; x_wconf 92' lang='lat' dir='ltr'><strong>quam</strong></span> <span class='ocrx_word' id='word_1_9' title='bbox 881 428 1092 487; x_wconf 82' lang='lat' dir='ltr'><strong>exstructiones</strong></span> <span class='ocrx_word' id='word_1_10' title='bbox 1117 428 1214 488; x_wconf 91' lang='lat' dir='ltr'><strong>iacen-</strong></span> 
     </span>
     <span class='ocr_line' id='line_1_3' title="bbox 212 525 1215 604; baseline 0.004 -21"><span class='ocrx_word' id='word_1_11' title='bbox 212 527 288 584; x_wconf 92' lang='lat' dir='ltr'><strong>tium</strong></span> <span class='ocrx_word' id='word_1_12' title='bbox 304 527 476 604; x_wconf 87' lang='lat' dir='ltr'><strong>ruinarum.</strong></span> <span class='ocrx_word' id='word_1_13' title='bbox 531 526 579 586; x_wconf 88' lang='lat' dir='ltr'><strong>Ad</strong></span> <span class='ocrx_word' id='word_1_14' title='bbox 607 527 678 585; x_wconf 89' lang='lat' dir='ltr'><strong>haec</strong></span> <span class='ocrx_word' id='word_1_15' title='bbox 706 525 885 585; x_wconf 85' lang='lat' dir='ltr'><strong>solummodo</strong></span> <span class='ocrx_word' id='word_1_16' title='bbox 912 547 1001 604; x_wconf 89' lang='lat' dir='ltr'><strong>opera</strong></span> <span class='ocrx_word' id='word_1_17' title='bbox 1028 527 1154 586; x_wconf 85' lang='lat' dir='ltr'><strong>humiles</strong></span> <span class='ocrx_word' id='word_1_18' title='bbox 1183 532 1215 587; x_wconf 85' lang='lat' dir='ltr'><strong>et</strong></span> 
     </span>
     <span class='ocr_line' id='line_1_4' title="bbox 212 624 1214 702; baseline 0.001 -18"><span class='ocrx_word' id='word_1_19' title='bbox 212 625 312 684; x_wconf 90' lang='lat' dir='ltr'><strong>blandi</strong></span> <span class='ocrx_word' id='word_1_20' title='bbox 340 632 369 685; x_wconf 92' lang='lat' dir='ltr'><strong>et</strong></span> <span class='ocrx_word' id='word_1_21' title='bbox 394 625 531 685; x_wconf 78' lang='lat' dir='ltr'>submissi</span> <span class='ocrx_word' id='word_1_22' title='bbox 558 630 658 702; x_wconf 83' lang='lat' dir='ltr'><strong>agunt.</strong></span> <span class='ocrx_word' id='word_1_23' title='bbox 701 625 838 683; x_wconf 84' lang='lat' dir='ltr'><strong>Ceterum</strong></span> <span class='ocrx_word' id='word_1_24' title='bbox 860 645 913 684; x_wconf 91' lang='lat' dir='ltr'><strong>nec</strong></span> <span class='ocrx_word' id='word_1_25' title='bbox 942 624 1002 684; x_wconf 89' lang='lat' dir='ltr'><strong>suis</strong></span> <span class='ocrx_word' id='word_1_26' title='bbox 1029 625 1214 702; x_wconf 83' lang='lat' dir='ltr'><strong>praesidibus</strong></span> 
     </span>
     <span class='ocr_line' id='line_1_5' title="bbox 211 721 1214 801; baseline -0.001 -19"><span class='ocrx_word' id='word_1_27' title='bbox 211 724 405 783; x_wconf 89' lang='lat' dir='ltr'><strong>reverentiam</strong></span> <span class='ocrx_word' id='word_1_28' title='bbox 429 730 583 783; x_wconf 86' lang='lat' dir='ltr'><strong>noverunt.</strong></span> <span class='ocrx_word' id='word_1_29' title='bbox 625 724 665 782; x_wconf 85' lang='lat' dir='ltr'><strong>Et</strong></span> <span class='ocrx_word' id='word_1_30' title='bbox 692 722 746 782; x_wconf 92' lang='lat' dir='ltr'><strong>hoc</strong></span> <span class='ocrx_word' id='word_1_31' title='bbox 774 727 819 782; x_wconf 85' lang='lat' dir='ltr'><strong>est</strong></span> <span class='ocrx_word' id='word_1_32' title='bbox 843 721 922 800; x_wconf 90' lang='lat' dir='ltr'><strong>quod</strong></span> <span class='ocrx_word' id='word_1_33' title='bbox 950 722 1106 783; x_wconf 75' lang='lat' dir='ltr'><strong>schismata</strong></span> <span class='ocrx_word' id='word_1_34' title='bbox 1134 723 1214 801; x_wconf 90' lang='lat' dir='ltr'><strong>apud</strong></span> 
     </span>
     <span class='ocr_line' id='line_1_6' title="bbox 183 821 1212 901; baseline 0.001 -22"><span class='ocrx_word' id='word_1_35' title='bbox 183 821 371 890; x_wconf 74' lang='lat' dir='ltr'><strong>sbaereticos</strong></span> <span class='ocrx_word' id='word_1_36' title='bbox 405 824 465 882; x_wconf 84' lang='lat' dir='ltr'><strong>fere</strong></span> <span class='ocrx_word' id='word_1_37' title='bbox 499 843 559 881; x_wconf 94' lang='lat' dir='ltr'><strong>non</strong></span> <span class='ocrx_word' id='word_1_38' title='bbox 594 827 671 895; x_wconf 89' lang='lat' dir='ltr'><strong>sunt,</strong></span> <span class='ocrx_word' id='word_1_39' title='bbox 700 821 769 897; x_wconf 89' lang='lat' dir='ltr'><strong>quia</strong></span> <span class='ocrx_word' id='word_1_40' title='bbox 802 842 868 880; x_wconf 92' lang='lat' dir='ltr'><strong>oum</strong></span> <span class='ocrx_word' id='word_1_41' title='bbox 903 821 972 897; x_wconf 84' lang='lat' dir='ltr'><strong>sint,</strong></span> <span class='ocrx_word' id='word_1_42' title='bbox 1004 841 1062 880; x_wconf 90' lang='lat' dir='ltr'><strong>non</strong></span> <span class='ocrx_word' id='word_1_43' title='bbox 1097 829 1212 901; x_wconf 90' lang='lat' dir='ltr'><strong>parent.</strong></span> 
     </span>
     <span class='ocr_line' id='line_1_7' title="bbox 213 919 1214 998; baseline 0.001 -19"><span class='ocrx_word' id='word_1_44' title='bbox 213 919 345 979; x_wconf 80' lang='lat' dir='ltr'><strong>Schisma</strong></span> <span class='ocrx_word' id='word_1_45' title='bbox 372 928 417 980; x_wconf 89' lang='lat' dir='ltr'><strong>est</strong></span> <span class='ocrx_word' id='word_1_46' title='bbox 445 921 523 980; x_wconf 93' lang='lat' dir='ltr'><strong>enim</strong></span> <span class='ocrx_word' id='word_1_47' title='bbox 550 921 650 980; x_wconf 89' lang='lat' dir='ltr'><strong>unitas</strong></span> <span class='ocrx_word' id='word_1_48' title='bbox 679 920 751 998; x_wconf 89' lang='lat' dir='ltr'><strong>ipsa.</strong></span> <span class='ocrx_word' id='word_1_49' title='bbox 804 919 935 979; x_wconf 75' lang='lat' dir='ltr'><strong>Mentior</strong></span> <span class='ocrx_word' id='word_1_50' title='bbox 969 919 995 979; x_wconf 92' lang='lat' dir='ltr'><strong>si</strong></span> <span class='ocrx_word' id='word_1_51' title='bbox 1030 940 1087 979; x_wconf 90' lang='lat' dir='ltr'><strong>non</strong></span> <span class='ocrx_word' id='word_1_52' title='bbox 1123 922 1214 980; x_wconf 91' lang='lat' dir='ltr'><strong>etiam</strong></span> 
     </span>
     <span class='ocr_line' id='line_1_8' title="bbox 211 1018 1214 1097; baseline 0.001 -20"><span class='ocrx_word' id='word_1_53' title='bbox 211 1039 229 1077; x_wconf 90' lang='lat' dir='ltr'><strong>a</strong></span> <span class='ocrx_word' id='word_1_54' title='bbox 242 1019 352 1097; x_wconf 85' lang='lat' dir='ltr'><strong>regulis</strong></span> <span class='ocrx_word' id='word_1_55' title='bbox 367 1020 427 1079; x_wconf 91' lang='lat' dir='ltr'><strong>suis</strong></span> <span class='ocrx_word' id='word_1_56' title='bbox 442 1019 560 1079; x_wconf 88' lang='lat' dir='ltr'><strong>variant</strong></span> <span class='ocrx_word' id='word_1_57' title='bbox 573 1020 651 1079; x_wconf 90' lang='lat' dir='ltr'><strong>inter</strong></span> <span class='ocrx_word' id='word_1_58' title='bbox 665 1040 703 1091; x_wconf 91' lang='lat' dir='ltr'><strong>se,</strong></span> <span class='ocrx_word' id='word_1_59' title='bbox 718 1018 787 1077; x_wconf 88' lang='lat' dir='ltr'><strong>dum</strong></span> <span class='ocrx_word' id='word_1_60' title='bbox 802 1019 1002 1097; x_wconf 88' lang='lat' dir='ltr'><strong>unusquisque</strong></span> <span class='ocrx_word' id='word_1_61' title='bbox 1019 1018 1141 1097; x_wconf 84' lang='lat' dir='ltr'><strong>proinde</strong></span> <span class='ocrx_word' id='word_1_62' title='bbox 1162 1039 1214 1078; x_wconf 91' lang='lat' dir='ltr'><strong>suo</strong></span> 
     </span>
     <span class='ocr_line' id='line_1_9' title="bbox 211 1116 1214 1196; baseline 0 -19"><span class='ocrx_word' id='word_1_63' title='bbox 211 1117 334 1177; x_wconf 90' lang='lat' dir='ltr'><strong>arbitrio</strong></span> <span class='ocrx_word' id='word_1_64' title='bbox 362 1119 529 1178; x_wconf 78' lang='lat' dir='ltr'><strong>modulatur</strong></span> <span class='ocrx_word' id='word_1_65' title='bbox 563 1139 637 1196; x_wconf 93' lang='lat' dir='ltr'><strong>quae</strong></span> <span class='ocrx_word' id='word_1_66' title='bbox 673 1118 794 1195; x_wconf 86' lang='lat' dir='ltr'><strong>accepit,</strong></span> <span class='ocrx_word' id='word_1_67' title='bbox 824 1116 1069 1194; x_wconf 90' lang='lat' dir='ltr'><strong>quemadmodum</strong></span> <span class='ocrx_word' id='word_1_68' title='bbox 1097 1117 1133 1177; x_wconf 90' lang='lat' dir='ltr'><strong>de</strong></span> <span class='ocrx_word' id='word_1_69' title='bbox 1162 1138 1214 1177; x_wconf 91' lang='lat' dir='ltr'><strong>suo</strong></span> 
     </span>
     <span class='ocr_line' id='line_1_10' title="bbox 212 1213 1214 1294; baseline -0.001 -19"><span class='ocrx_word' id='word_1_70' title='bbox 212 1216 334 1275; x_wconf 90' lang='lat' dir='ltr'><strong>arbitrio</strong></span> <span class='ocrx_word' id='word_1_71' title='bbox 356 1236 390 1275; x_wconf 92' lang='lat' dir='ltr'><strong>ea</strong></span> <span class='ocrx_word' id='word_1_72' title='bbox 411 1216 574 1294; x_wconf 83' lang='lat' dir='ltr'><strong>composuit</strong></span> <span class='ocrx_word' id='word_1_73' title='bbox 595 1217 646 1275; x_wconf 90' lang='lat' dir='ltr'><strong>ille</strong></span> <span class='ocrx_word' id='word_1_74' title='bbox 667 1216 719 1293; x_wconf 88' lang='lat' dir='ltr'><strong>qui</strong></span> <span class='ocrx_word' id='word_1_75' title='bbox 740 1215 872 1274; x_wconf 88' lang='lat' dir='ltr'><strong>tradidit.</strong></span> <span class='ocrx_word' id='word_1_76' title='bbox 914 1213 1055 1292; x_wconf 79' lang='lat' dir='ltr'><strong>Agnoscit</strong></span> <span class='ocrx_word' id='word_1_77' title='bbox 1076 1222 1214 1276; x_wconf 91' lang='lat' dir='ltr'><strong>naturam</strong></span> 
     </span>
    </p>

    <p class='ocr_par' dir='ltr' id='par_1_3' title="bbox 171 1314 1215 1787">
     <span class='ocr_line' id='line_1_11' title="bbox 171 1314 1215 1392; baseline -0.004 -16"><span class='ocrx_word' id='word_1_78' title='bbox 171 1341 201 1376; x_wconf 89' lang='lat'><strong>10</strong></span> <span class='ocrx_word' id='word_1_79' title='bbox 212 1336 293 1374; x_wconf 89' lang='lat' dir='ltr'><strong>suam</strong></span> <span class='ocrx_word' id='word_1_80' title='bbox 316 1321 347 1375; x_wconf 91' lang='lat' dir='ltr'><strong>et</strong></span> <span class='ocrx_word' id='word_1_81' title='bbox 371 1315 493 1392; x_wconf 88' lang='lat' dir='ltr'><strong>originis</strong></span> <span class='ocrx_word' id='word_1_82' title='bbox 515 1335 583 1375; x_wconf 87' lang='lat' dir='ltr'><strong>suae</strong></span> <span class='ocrx_word' id='word_1_83' title='bbox 608 1336 719 1374; x_wconf 92' lang='lat' dir='ltr'><strong>morem</strong></span> <span class='ocrx_word' id='word_1_84' title='bbox 747 1314 894 1392; x_wconf 84' lang='lat' dir='ltr'><strong>proiectus</strong></span> <span class='ocrx_word' id='word_1_85' title='bbox 916 1314 969 1372; x_wconf 88' lang='lat' dir='ltr'><strong>rei.</strong></span> <span class='ocrx_word' id='word_1_86' title='bbox 1020 1314 1104 1373; x_wconf 86' lang='lat' dir='ltr'><strong>Idem</strong></span> <span class='ocrx_word' id='word_1_87' title='bbox 1128 1314 1215 1373; x_wconf 92' lang='lat' dir='ltr'><strong>licuit</strong></span> 
     </span>
     <span class='ocr_line' id='line_1_12' title="bbox 211 1412 1214 1492; baseline -0.001 -20"><span class='ocrx_word' id='word_1_88' title='bbox 211 1414 428 1475; x_wconf 83' lang='lat' dir='ltr'><strong>Valentinianis</strong></span> <span class='ocrx_word' id='word_1_89' title='bbox 473 1415 552 1492; x_wconf 90' lang='lat' dir='ltr'><strong>quod</strong></span> <span class='ocrx_word' id='word_1_90' title='bbox 586 1414 755 1484; x_wconf 85' lang='lat' dir='ltr'><strong>Valentino,</strong></span> <span class='ocrx_word' id='word_1_91' title='bbox 791 1412 869 1472; x_wconf 92' lang='lat' dir='ltr'><strong>idem</strong></span> <span class='ocrx_word' id='word_1_92' title='bbox 909 1412 1092 1473; x_wconf 86' lang='lat' dir='ltr'><strong>Marcionitis</strong></span> <span class='ocrx_word' id='word_1_93' title='bbox 1135 1414 1214 1492; x_wconf 91' lang='lat' dir='ltr'><strong>quod</strong></span> 
     </span>
     <span class='ocr_line' id='line_1_13' title="bbox 212 1500 1214 1589; baseline 0 -19"><span class='ocrx_word' id='word_1_94' title='bbox 212 1512 365 1586; x_wconf 87' lang='lat' dir='ltr'><strong>Marcioni,</strong></span> <span class='ocrx_word' id='word_1_95' title='bbox 381 1513 417 1572; x_wconf 94' lang='lat' dir='ltr'><strong>de</strong></span> <span class='ocrx_word' id='word_1_96' title='bbox 438 1500 562 1573; x_wconf 86' lang='lat' dir='ltr'><strong>¹arbitrio</strong></span> <span class='ocrx_word' id='word_1_97' title='bbox 577 1533 628 1572; x_wconf 88' lang='lat' dir='ltr'><strong>suo</strong></span> <span class='ocrx_word' id='word_1_98' title='bbox 642 1512 729 1571; x_wconf 87' lang='lat' dir='ltr'><strong>fidem</strong></span> <span class='ocrx_word' id='word_1_99' title='bbox 750 1511 897 1570; x_wconf 89' lang='lat' dir='ltr'><strong>innovare.</strong></span> <span class='ocrx_word' id='word_1_100' title='bbox 940 1511 1074 1588; x_wconf 89' lang='lat' dir='ltr'><strong>Denique</strong></span> <span class='ocrx_word' id='word_1_101' title='bbox 1095 1511 1214 1589; x_wconf 86' lang='lat' dir='ltr'><strong>penitus</strong></span> 
     </span>
     <span class='ocr_line' id='line_1_14' title="bbox 211 1609 1214 1689; baseline 0.001 -21"><span class='ocrx_word' id='word_1_102' title='bbox 211 1609 359 1689; x_wconf 86' lang='lat' dir='ltr'><strong>inspectae</strong></span> <span class='ocrx_word' id='word_1_103' title='bbox 386 1613 527 1672; x_wconf 50' lang='lat' dir='ltr'><strong>haereses¹</strong></span> <span class='ocrx_word' id='word_1_104' title='bbox 549 1631 646 1670; x_wconf 91' lang='lat' dir='ltr'><strong>omnes</strong></span> <span class='ocrx_word' id='word_1_105' title='bbox 674 1610 706 1668; x_wconf 93' lang='lat' dir='ltr'><strong>in</strong></span> <span class='ocrx_word' id='word_1_106' title='bbox 734 1609 835 1668; x_wconf 90' lang='lat' dir='ltr'><strong>multis</strong></span> <span class='ocrx_word' id='word_1_107' title='bbox 863 1630 928 1668; x_wconf 90' lang='lat' dir='ltr'><strong>cum</strong></span> <span class='ocrx_word' id='word_1_108' title='bbox 957 1611 1125 1670; x_wconf 90' lang='lat' dir='ltr'><strong>auctoribus</strong></span> <span class='ocrx_word' id='word_1_109' title='bbox 1153 1610 1214 1670; x_wconf 87' lang='lat' dir='ltr'><strong>suis</strong></span> 
     </span>
     <span class='ocr_line' id='line_1_15' title="bbox 211 1708 1212 1787; baseline 0.003 -20"><span class='ocrx_word' id='word_1_110' title='bbox 211 1709 415 1769; x_wconf 85' lang='lat' dir='ltr'><strong>dissentientes</strong></span> <span class='ocrx_word' id='word_1_111' title='bbox 425 1709 691 1787; x_wconf 90' lang='lat' dir='ltr'><strong>deprehenduntur.</strong></span> <span class='ocrx_word' id='word_1_112' title='bbox 733 1708 869 1786; x_wconf 90' lang='lat' dir='ltr'><strong>Plerique</strong></span> <span class='ocrx_word' id='word_1_113' title='bbox 883 1729 935 1768; x_wconf 92' lang='lat' dir='ltr'><strong>nec</strong></span> <span class='ocrx_word' id='word_1_114' title='bbox 949 1709 1083 1768; x_wconf 90' lang='lat' dir='ltr'><strong>ecclesias</strong></span> <span class='ocrx_word' id='word_1_115' title='bbox 1094 1709 1212 1781; x_wconf 88' lang='lat' dir='ltr'><strong>habent,</strong></span> 
     </span>
    </p>

    <p class='ocr_par' dir='ltr' id='par_1_4' title="bbox 170 1807 1213 1985">
     <span class='ocr_line' id='line_1_16' title="bbox 170 1807 1213 1887; baseline 0 -21"><span class='ocrx_word' id='word_1_116' title='bbox 170 1837 199 1887; x_wconf 85' lang='lat'><strong>15</strong></span> <span class='ocrx_word' id='word_1_117' title='bbox 213 1807 275 1867; x_wconf 91' lang='lat' dir='ltr'><strong>sine</strong></span> <span class='ocrx_word' id='word_1_118' title='bbox 303 1813 404 1882; x_wconf 90' lang='lat' dir='ltr'><strong>matre,</strong></span> <span class='ocrx_word' id='word_1_119' title='bbox 431 1807 492 1868; x_wconf 88' lang='lat' dir='ltr'><strong>sine</strong></span> <span class='ocrx_word' id='word_1_120' title='bbox 523 1809 598 1881; x_wconf 90' lang='lat' dir='ltr'><strong>sede,</strong></span> <span class='ocrx_word' id='word_1_121' title='bbox 624 1807 689 1866; x_wconf 87' lang='lat' dir='ltr'><strong>orbi</strong></span> <span class='ocrx_word' id='word_1_122' title='bbox 716 1807 781 1880; x_wconf 81' lang='lat' dir='ltr'><strong>fide,</strong></span> <span class='ocrx_word' id='word_1_123' title='bbox 807 1812 947 1878; x_wconf 86' lang='lat' dir='ltr'><strong>extorres,</strong></span> <span class='ocrx_word' id='word_1_124' title='bbox 970 1807 1075 1867; x_wconf 89' lang='lat' dir='ltr'><strong>suain</strong></span> <span class='ocrx_word' id='word_1_125' title='bbox 1099 1807 1213 1868; x_wconf 87' lang='lat' dir='ltr'><strong>vilitate</strong></span> 
     </span>
     <span class='ocr_line' id='line_1_17' title="bbox 211 1912 364 1985; baseline 0.039 -23"><span class='ocrx_word' id='word_1_126' title='bbox 211 1912 364 1985; x_wconf 80' lang='lat' dir='ltr'><strong>vagantur.</strong></span> 
     </span>
    </p>
   </div>
   <div class='ocr_carea' id='block_1_3' title="bbox 580 2079 847 2141">
    <p class='ocr_par' dir='ltr' id='par_1_5' title="bbox 580 2079 847 2141">
     <span class='ocr_line' id='line_1_18' title="bbox 580 2079 847 2141; baseline -0.007 -1"><span class='ocrx_word' id='word_1_127' title='bbox 580 2079 713 2141; x_wconf 82' lang='lat' dir='ltr'>CAPUT</span> <span class='ocrx_word' id='word_1_128' title='bbox 734 2080 847 2139; x_wconf 88' lang='lat' dir='ltr'><strong>XLIII.</strong></span> 
     </span>
    </p>
   </div>
   <div class='ocr_carea' id='block_1_4' title="bbox 213 2199 1214 2391">
    <p class='ocr_par' dir='ltr' id='par_1_6' title="bbox 213 2199 1214 2391">
     <span class='ocr_line' id='line_1_19' title="bbox 220 2199 1214 2290; baseline -0.003 -16"><span class='ocrx_word' id='word_1_129' title='bbox 220 2253 222 2256; x_wconf 56' lang='lat'>&lt;</span> <span class='ocrx_word' id='word_1_130' title='bbox 253 2214 384 2274; x_wconf 73' lang='lat' dir='ltr'><strong>Novana</strong></span> <span class='ocrx_word' id='word_1_131' title='bbox 412 2199 481 2273; x_wconf 87' lang='lat' dir='ltr'><strong>suut</strong></span> <span class='ocrx_word' id='word_1_132' title='bbox 503 2211 591 2273; x_wconf 90' lang='lat' dir='ltr'><strong>etiam</strong></span> <span class='ocrx_word' id='word_1_133' title='bbox 613 2211 781 2272; x_wconf 87' lang='lat' dir='ltr'><strong>commercia</strong></span> <span class='ocrx_word' id='word_1_134' title='bbox 802 2210 1012 2272; x_wconf 89' lang='lat' dir='ltr'><strong>haereticorum</strong></span> <span class='ocrx_word' id='word_1_135' title='bbox 1034 2233 1099 2271; x_wconf 91' lang='lat' dir='ltr'><strong>cum</strong></span> <span class='ocrx_word' id='word_1_136' title='bbox 1120 2211 1214 2290; x_wconf 85' lang='lat' dir='ltr'><strong>magis</strong></span> 
     </span>
     <span class='ocr_line' id='line_1_20' title="bbox 213 2311 1214 2391; baseline -0.002 -19"><span class='ocrx_word' id='word_1_137' title='bbox 213 2334 300 2391; x_wconf 91' lang='lat' dir='ltr'><strong>quam</strong></span> <span class='ocrx_word' id='word_1_138' title='bbox 328 2312 470 2391; x_wconf 90' lang='lat' dir='ltr'><strong>pluribus,</strong></span> <span class='ocrx_word' id='word_1_139' title='bbox 499 2333 566 2372; x_wconf 89' lang='lat' dir='ltr'><strong>cum</strong></span> <span class='ocrx_word' id='word_1_140' title='bbox 594 2311 827 2385; x_wconf 88' lang='lat' dir='ltr'><strong>circulatoribus,</strong></span> <span class='ocrx_word' id='word_1_141' title='bbox 857 2332 924 2370; x_wconf 92' lang='lat' dir='ltr'><strong>cum</strong></span> <span class='ocrx_word' id='word_1_142' title='bbox 956 2311 1118 2390; x_wconf 84' lang='lat' dir='ltr'><strong>astrologis,</strong></span> <span class='ocrx_word' id='word_1_143' title='bbox 1148 2333 1214 2371; x_wconf 93' lang='lat' dir='ltr'><strong>cum</strong></span> 
     </span>
    </p>
   </div>
   <div class='ocr_carea' id='block_1_5' title="bbox 167 2483 1217 3883">
    <p class='ocr_par' dir='ltr' id='par_1_7' title="bbox 212 2483 1215 2628">
     <span class='ocr_line' id='line_1_21' title="bbox 248 2483 1215 2548; baseline -0.002 -12"><span class='ocrx_word' id='word_1_144' title='bbox 248 2500 269 2538; x_wconf 92' lang='lat'><strong>1.</strong></span> <span class='ocrx_word' id='word_1_145' title='bbox 287 2489 502 2537; x_wconf 84' lang='lat' dir='ltr'><strong>exstructiones.</strong></span> <span class='ocrx_word' id='word_1_146' title='bbox 536 2484 569 2533; x_wconf 86' lang='lat' dir='ltr'><strong>So</strong></span> <span class='ocrx_word' id='word_1_147' title='bbox 583 2484 658 2548; x_wconf 88' lang='lat' dir='ltr'><strong>again</strong></span> <span class='ocrx_word' id='word_1_148' title='bbox 673 2483 701 2533; x_wconf 82' lang='lat' dir='ltr'><strong>oi</strong></span> <span class='ocrx_word' id='word_1_149' title='bbox 716 2484 913 2533; x_wconf 86' lang='lat' dir='ltr'><strong>‘construction’</strong></span> <span class='ocrx_word' id='word_1_150' title='bbox 928 2484 986 2535; x_wconf 86' lang='lat' dir='ltr'><strong>ado.</strong></span> <span class='ocrx_word' id='word_1_151' title='bbox 1005 2485 1094 2533; x_wconf 81' lang='lat' dir='ltr'><strong>Herm.</strong></span> <span class='ocrx_word' id='word_1_152' title='bbox 1112 2498 1144 2548; x_wconf 93' lang='lat'><strong>40</strong></span> <span class='ocrx_word' id='word_1_153' title='bbox 1153 2501 1160 2545; x_wconf 92' lang='lat'>;</span> <span class='ocrx_word' id='word_1_154' title='bbox 1183 2485 1215 2534; x_wconf 83' lang='lat' dir='ltr'><strong>de</strong></span> 
     </span>
     <span class='ocr_line' id='line_1_22' title="bbox 212 2561 1170 2628; baseline -0.004 -13"><span class='ocrx_word' id='word_1_155' title='bbox 212 2581 262 2616; x_wconf 84' lang='lat' dir='ltr'><strong>rea.</strong></span> <span class='ocrx_word' id='word_1_156' title='bbox 274 2582 344 2615; x_wconf 71' lang='lat' dir='ltr'><strong>ewa.</strong></span> <span class='ocrx_word' id='word_1_157' title='bbox 357 2580 387 2628; x_wconf 85' lang='lat'><strong>5:</strong></span> <span class='ocrx_word' id='word_1_158' title='bbox 405 2566 451 2614; x_wconf 91' lang='lat' dir='ltr'><strong>but</strong></span> <span class='ocrx_word' id='word_1_159' title='bbox 462 2568 521 2613; x_wconf 91' lang='lat' dir='ltr'><strong>note</strong></span> <span class='ocrx_word' id='word_1_160' title='bbox 532 2565 566 2612; x_wconf 89' lang='lat' dir='ltr'><strong>its</strong></span> <span class='ocrx_word' id='word_1_161' title='bbox 577 2563 693 2612; x_wconf 80' lang='lat' dir='ltr'><strong>different</strong></span> <span class='ocrx_word' id='word_1_162' title='bbox 706 2578 749 2612; x_wconf 87' lang='lat' dir='ltr'><strong>nse</strong></span> <span class='ocrx_word' id='word_1_163' title='bbox 760 2562 796 2610; x_wconf 86' lang='lat' dir='ltr'><strong>ad</strong></span> <span class='ocrx_word' id='word_1_164' title='bbox 807 2579 879 2612; x_wconf 78' lang='lat' dir='ltr'><strong>asor.</strong></span> <span class='ocrx_word' id='word_1_165' title='bbox 892 2563 919 2611; x_wconf 90' lang='lat' dir='ltr'><strong>ii.</strong></span> <span class='ocrx_word' id='word_1_166' title='bbox 932 2576 947 2625; x_wconf 79' lang='lat'>3</span> <span class='ocrx_word' id='word_1_167' title='bbox 960 2561 1170 2627; x_wconf 86' lang='lat' dir='ltr'><strong>(‘adornment&#39;).</strong></span> 
     </span>
    </p>

    <p class='ocr_par' dir='ltr' id='par_1_8' title="bbox 213 2640 1215 3096">
     <span class='ocr_line' id='line_1_23' title="bbox 249 2640 1215 2707; baseline -0.002 -15"><span class='ocrx_word' id='word_1_168' title='bbox 249 2657 287 2707; x_wconf 92' lang='lat'><strong>14.</strong></span> <span class='ocrx_word' id='word_1_169' title='bbox 305 2647 438 2702; x_wconf 82' lang='lat' dir='ltr'><strong>Plerique</strong></span> <span class='ocrx_word' id='word_1_170' title='bbox 455 2658 507 2692; x_wconf 88' lang='lat' dir='ltr'><strong>nec</strong></span> <span class='ocrx_word' id='word_1_171' title='bbox 524 2645 657 2692; x_wconf 86' lang='lat' dir='ltr'><strong>ecclesias</strong></span> <span class='ocrx_word' id='word_1_172' title='bbox 673 2644 787 2691; x_wconf 85' lang='lat' dir='ltr'><strong>habent.</strong></span> <span class='ocrx_word' id='word_1_173' title='bbox 821 2640 944 2690; x_wconf 88' lang='lat' dir='ltr'><strong>Ironioal:</strong></span> <span class='ocrx_word' id='word_1_174' title='bbox 971 2640 1007 2689; x_wconf 90' lang='lat' dir='ltr'><strong>all</strong></span> <span class='ocrx_word' id='word_1_175' title='bbox 1026 2641 1133 2690; x_wconf 82' lang='lat' dir='ltr'><strong>heresias</strong></span> <span class='ocrx_word' id='word_1_176' title='bbox 1150 2657 1215 2691; x_wconf 89' lang='lat' dir='ltr'><strong>were</strong></span> 
     </span>
     <span class='ocr_line' id='line_1_24' title="bbox 213 2719 1215 2784; baseline -0.002 -13"><span class='ocrx_word' id='word_1_177' title='bbox 213 2722 355 2772; x_wconf 85' lang='lat' dir='ltr'><strong>churchless</strong></span> <span class='ocrx_word' id='word_1_178' title='bbox 366 2722 400 2784; x_wconf 86' lang='lat' dir='ltr'><strong>by</strong></span> <span class='ocrx_word' id='word_1_179' title='bbox 411 2721 478 2770; x_wconf 90' lang='lat' dir='ltr'><strong>their</strong></span> <span class='ocrx_word' id='word_1_180' title='bbox 489 2736 549 2784; x_wconf 87' lang='lat' dir='ltr'><strong>very</strong></span> <span class='ocrx_word' id='word_1_181' title='bbox 560 2726 658 2769; x_wconf 86' lang='lat' dir='ltr'><strong>nature.</strong></span> <span class='ocrx_word' id='word_1_182' title='bbox 691 2719 776 2784; x_wconf 83' lang='lat' dir='ltr'><strong>Comp.</strong></span> <span class='ocrx_word' id='word_1_183' title='bbox 788 2719 846 2768; x_wconf 83' lang='lat' dir='ltr'><strong>ada.</strong></span> <span class='ocrx_word' id='word_1_184' title='bbox 858 2719 940 2768; x_wconf 80' lang='lat' dir='ltr'><strong>Marc.</strong></span> <span class='ocrx_word' id='word_1_185' title='bbox 953 2720 986 2769; x_wconf 78' lang='lat' dir='ltr'><strong>is.</strong></span> <span class='ocrx_word' id='word_1_186' title='bbox 1000 2734 1013 2782; x_wconf 87' lang='lat'><strong>5</strong></span> <span class='ocrx_word' id='word_1_187' title='bbox 1027 2720 1130 2769; x_wconf 89' lang='lat' dir='ltr'><strong>‘Habet</strong></span> <span class='ocrx_word' id='word_1_188' title='bbox 1140 2720 1215 2784; x_wconf 88' lang='lat' dir='ltr'><strong>plane</strong></span> 
     </span>
     <span class='ocr_line' id='line_1_25' title="bbox 214 2796 1214 2862; baseline -0.002 -14"><span class='ocrx_word' id='word_1_189' title='bbox 214 2803 240 2848; x_wconf 86' lang='lat' dir='ltr'><strong>et</strong></span> <span class='ocrx_word' id='word_1_190' title='bbox 256 2799 321 2849; x_wconf 90' lang='lat' dir='ltr'><strong>illud</strong></span> <span class='ocrx_word' id='word_1_191' title='bbox 337 2799 460 2858; x_wconf 84' lang='lat' dir='ltr'><strong>ecclesias,</strong></span> <span class='ocrx_word' id='word_1_192' title='bbox 479 2798 523 2847; x_wconf 87' lang='lat' dir='ltr'><strong>sed</strong></span> <span class='ocrx_word' id='word_1_193' title='bbox 540 2813 603 2860; x_wconf 88' lang='lat' dir='ltr'><strong>suas,</strong></span> <span class='ocrx_word' id='word_1_194' title='bbox 622 2803 674 2846; x_wconf 89' lang='lat' dir='ltr'><strong>tam</strong></span> <span class='ocrx_word' id='word_1_195' title='bbox 692 2803 804 2862; x_wconf 84' lang='lat' dir='ltr'><strong>posteras</strong></span> <span class='ocrx_word' id='word_1_196' title='bbox 821 2812 896 2860; x_wconf 90' lang='lat' dir='ltr'><strong>quam</strong></span> <span class='ocrx_word' id='word_1_197' title='bbox 913 2796 1050 2858; x_wconf 89' lang='lat' dir='ltr'><strong>adulteras,</strong></span> <span class='ocrx_word' id='word_1_198' title='bbox 1069 2813 1177 2862; x_wconf 89' lang='lat' dir='ltr'><strong>quarum</strong></span> <span class='ocrx_word' id='word_1_199' title='bbox 1193 2798 1214 2846; x_wconf 90' lang='lat' dir='ltr'><strong>si</strong></span> 
     </span>
     <span class='ocr_line' id='line_1_26' title="bbox 213 2874 1215 2940; baseline -0.002 -14"><span class='ocrx_word' id='word_1_200' title='bbox 213 2893 316 2927; x_wconf 88' lang='lat' dir='ltr'><strong>oeusum</strong></span> <span class='ocrx_word' id='word_1_201' title='bbox 342 2877 464 2940; x_wconf 85' lang='lat' dir='ltr'><strong>requiras,</strong></span> <span class='ocrx_word' id='word_1_202' title='bbox 487 2876 585 2924; x_wconf 88' lang='lat' dir='ltr'><strong>facilius</strong></span> <span class='ocrx_word' id='word_1_203' title='bbox 607 2876 773 2940; x_wconf 88' lang='lat' dir='ltr'><strong>apostaticum</strong></span> <span class='ocrx_word' id='word_1_204' title='bbox 798 2874 913 2924; x_wconf 85' lang='lat' dir='ltr'><strong>invenias</strong></span> <span class='ocrx_word' id='word_1_205' title='bbox 938 2891 1015 2940; x_wconf 89' lang='lat' dir='ltr'><strong>quam</strong></span> <span class='ocrx_word' id='word_1_206' title='bbox 1042 2876 1215 2939; x_wconf 81' lang='lat' dir='ltr'><strong>apostolicum,</strong></span> 
     </span>
     <span class='ocr_line' id='line_1_27' title="bbox 214 2953 1215 3017; baseline -0.001 -12"><span class='ocrx_word' id='word_1_207' title='bbox 214 2956 344 3005; x_wconf 85' lang='lat' dir='ltr'><strong>Marcione</strong></span> <span class='ocrx_word' id='word_1_208' title='bbox 363 2955 459 3004; x_wconf 85' lang='lat' dir='ltr'><strong>scilicet</strong></span> <span class='ocrx_word' id='word_1_209' title='bbox 478 2954 615 3016; x_wconf 89' lang='lat' dir='ltr'><strong>conditore,</strong></span> <span class='ocrx_word' id='word_1_210' title='bbox 634 2954 675 3002; x_wconf 88' lang='lat' dir='ltr'><strong>vel</strong></span> <span class='ocrx_word' id='word_1_211' title='bbox 691 2954 776 3017; x_wconf 87' lang='lat' dir='ltr'><strong>aliquo</strong></span> <span class='ocrx_word' id='word_1_212' title='bbox 794 2953 933 3002; x_wconf 84' lang='lat' dir='ltr'><strong>Marcionis</strong></span> <span class='ocrx_word' id='word_1_213' title='bbox 950 2953 1073 3003; x_wconf 88' lang='lat' dir='ltr'><strong>examine.</strong></span> <span class='ocrx_word' id='word_1_214' title='bbox 1107 2953 1215 3004; x_wconf 81' lang='lat' dir='ltr'><strong>Faciunt</strong></span> 
     </span>
     <span class='ocr_line' id='line_1_28' title="bbox 214 3029 896 3096; baseline -0.004 -13"><span class='ocrx_word' id='word_1_215' title='bbox 214 3033 283 3084; x_wconf 82' lang='lat' dir='ltr'><strong>favos</strong></span> <span class='ocrx_word' id='word_1_216' title='bbox 295 3039 320 3082; x_wconf 91' lang='lat' dir='ltr'><strong>et</strong></span> <span class='ocrx_word' id='word_1_217' title='bbox 332 3048 429 3096; x_wconf 84' lang='lat' dir='ltr'><strong>vespae,</strong></span> <span class='ocrx_word' id='word_1_218' title='bbox 441 3033 538 3082; x_wconf 85' lang='lat' dir='ltr'><strong>faciunt</strong></span> <span class='ocrx_word' id='word_1_219' title='bbox 549 3032 664 3081; x_wconf 88' lang='lat' dir='ltr'><strong>ecclesias</strong></span> <span class='ocrx_word' id='word_1_220' title='bbox 675 3037 701 3081; x_wconf 90' lang='lat' dir='ltr'><strong>et</strong></span> <span class='ocrx_word' id='word_1_221' title='bbox 712 3029 896 3080; x_wconf 66' lang='lat' dir='ltr'><strong>Marcionitae?</strong></span> 
     </span>
    </p>

    <p class='ocr_par' dir='ltr' id='par_1_9' title="bbox 167 3108 1216 3568">
     <span class='ocr_line' id='line_1_29' title="bbox 167 3108 1216 3179; baseline -0.002 -19"><span class='ocrx_word' id='word_1_222' title='bbox 167 3143 171 3154; x_wconf 88' lang='lat'><em>·</em></span> <span class='ocrx_word' id='word_1_223' title='bbox 250 3125 288 3174; x_wconf 84' lang='lat'><strong>15.</strong></span> <span class='ocrx_word' id='word_1_224' title='bbox 305 3127 360 3179; x_wconf 79' lang='lat' dir='ltr'><strong>sus</strong></span> <span class='ocrx_word' id='word_1_225' title='bbox 375 3115 407 3159; x_wconf 87' lang='lat' dir='ltr'><strong>in</strong></span> <span class='ocrx_word' id='word_1_226' title='bbox 425 3114 546 3160; x_wconf 78' lang='lat' dir='ltr'><strong>viIItate.</strong></span> <span class='ocrx_word' id='word_1_227' title='bbox 584 3108 694 3161; x_wconf 81' lang='lat' dir='ltr'><strong>Oeller&#39;s</strong></span> <span class='ocrx_word' id='word_1_228' title='bbox 713 3109 873 3159; x_wconf 87' lang='lat' dir='ltr'><strong>emendation</strong></span> <span class='ocrx_word' id='word_1_229' title='bbox 892 3109 921 3158; x_wconf 83' lang='lat' dir='ltr'><strong>oi</strong></span> <span class='ocrx_word' id='word_1_230' title='bbox 938 3109 982 3159; x_wconf 86' lang='lat' dir='ltr'><strong>the</strong></span> <span class='ocrx_word' id='word_1_231' title='bbox 1001 3125 1114 3173; x_wconf 83' lang='lat' dir='ltr'><strong>passage,</strong></span> <span class='ocrx_word' id='word_1_232' title='bbox 1133 3109 1216 3158; x_wconf 87' lang='lat' dir='ltr'><strong>which</strong></span> 
     </span>
     <span class='ocr_line' id='line_1_30' title="bbox 214 3187 1216 3252; baseline -0.002 -13"><span class='ocrx_word' id='word_1_233' title='bbox 214 3190 301 3240; x_wconf 84' lang='lat' dir='ltr'><strong>stands</strong></span> <span class='ocrx_word' id='word_1_234' title='bbox 319 3189 348 3237; x_wconf 90' lang='lat' dir='ltr'><strong>iu</strong></span> <span class='ocrx_word' id='word_1_235' title='bbox 368 3189 440 3238; x_wconf 85' lang='lat' dir='ltr'><strong>Laid.</strong></span> <span class='ocrx_word' id='word_1_236' title='bbox 459 3188 532 3252; x_wconf 90' lang='lat' dir='ltr'><strong>quasi</strong></span> <span class='ocrx_word' id='word_1_237' title='bbox 552 3189 637 3238; x_wconf 90' lang='lat' dir='ltr'><strong>sibilat</strong></span> <span class='ocrx_word' id='word_1_238' title='bbox 656 3194 792 3252; x_wconf 84' lang='lat' dir='ltr'><strong>evagatur:</strong></span> <span class='ocrx_word' id='word_1_239' title='bbox 817 3187 845 3236; x_wconf 86' lang='lat' dir='ltr'><strong>in</strong></span> <span class='ocrx_word' id='word_1_240' title='bbox 862 3188 944 3238; x_wconf 78' lang='lat' dir='ltr'><strong>Rhea.</strong></span> <span class='ocrx_word' id='word_1_241' title='bbox 962 3188 1016 3237; x_wconf 85' lang='lat' dir='ltr'><strong>aad</strong></span> <span class='ocrx_word' id='word_1_242' title='bbox 1036 3189 1121 3251; x_wconf 68' lang='lat' dir='ltr'><strong>Gany.</strong></span> <span class='ocrx_word' id='word_1_243' title='bbox 1142 3187 1216 3252; x_wconf 88' lang='lat' dir='ltr'><strong>quasi</strong></span> 
     </span>
     <span class='ocr_line' id='line_1_31' title="bbox 214 3266 1216 3331; baseline 0 -15"><span class='ocrx_word' id='word_1_244' title='bbox 214 3267 331 3318; x_wconf 87' lang='lat' dir='ltr'><strong>sibilatae</strong></span> <span class='ocrx_word' id='word_1_245' title='bbox 342 3272 483 3331; x_wconf 80' lang='lat' dir='ltr'><strong>vagantur:</strong></span> <span class='ocrx_word' id='word_1_246' title='bbox 499 3268 527 3316; x_wconf 91' lang='lat' dir='ltr'><strong>in</strong></span> <span class='ocrx_word' id='word_1_247' title='bbox 543 3267 635 3328; x_wconf 78' lang='lat' dir='ltr'><strong>Vatia,</strong></span> <span class='ocrx_word' id='word_1_248' title='bbox 648 3267 721 3316; x_wconf 88' lang='lat' dir='ltr'><strong>Pam.</strong></span> <span class='ocrx_word' id='word_1_249' title='bbox 733 3266 805 3330; x_wconf 89' lang='lat' dir='ltr'><strong>quasi</strong></span> <span class='ocrx_word' id='word_1_250' title='bbox 820 3266 869 3315; x_wconf 91' lang='lat' dir='ltr'><strong>sibi</strong></span> <span class='ocrx_word' id='word_1_251' title='bbox 883 3266 935 3315; x_wconf 87' lang='lat' dir='ltr'><strong>late</strong></span> <span class='ocrx_word' id='word_1_252' title='bbox 951 3271 1084 3330; x_wconf 85' lang='lat' dir='ltr'><strong>vagantur,</strong></span> <span class='ocrx_word' id='word_1_253' title='bbox 1096 3266 1179 3316; x_wconf 87' lang='lat' dir='ltr'><strong>which</strong></span> <span class='ocrx_word' id='word_1_254' title='bbox 1194 3267 1216 3316; x_wconf 90' lang='lat' dir='ltr'><strong>is</strong></span> 
     </span>
     <span class='ocr_line' id='line_1_32' title="bbox 213 3343 1216 3411; baseline -0.002 -15"><span class='ocrx_word' id='word_1_255' title='bbox 213 3347 329 3396; x_wconf 87' lang='lat' dir='ltr'><strong>followed</strong></span> <span class='ocrx_word' id='word_1_256' title='bbox 344 3348 378 3410; x_wconf 86' lang='lat' dir='ltr'><strong>by</strong></span> <span class='ocrx_word' id='word_1_257' title='bbox 389 3346 508 3411; x_wconf 87' lang='lat' dir='ltr'><strong>Dodgson</strong></span> <span class='ocrx_word' id='word_1_258' title='bbox 523 3347 550 3394; x_wconf 90' lang='lat' dir='ltr'><strong>in</strong></span> <span class='ocrx_word' id='word_1_259' title='bbox 565 3345 622 3397; x_wconf 82' lang='lat' dir='ltr'><strong>Ia&#39;b.</strong></span> <span class='ocrx_word' id='word_1_260' title='bbox 635 3346 711 3394; x_wconf 80' lang='lat' dir='ltr'><strong>Fati.</strong></span> <span class='ocrx_word' id='word_1_261' title='bbox 724 3345 775 3394; x_wconf 88' lang='lat' dir='ltr'><strong>and</strong></span> <span class='ocrx_word' id='word_1_262' title='bbox 790 3345 930 3393; x_wconf 88' lang='lat' dir='ltr'><strong>translated</strong></span> <span class='ocrx_word' id='word_1_263' title='bbox 946 3343 1021 3409; x_wconf 82' lang='lat' dir='ltr'><strong>‘they</strong></span> <span class='ocrx_word' id='word_1_264' title='bbox 1032 3344 1068 3392; x_wconf 90' lang='lat' dir='ltr'><strong>all</strong></span> <span class='ocrx_word' id='word_1_265' title='bbox 1083 3345 1121 3393; x_wconf 84' lang='lat' dir='ltr'><strong>for</strong></span> <span class='ocrx_word' id='word_1_266' title='bbox 1135 3344 1216 3394; x_wconf 90' lang='lat' dir='ltr'><strong>them·</strong></span> 
     </span>
     <span class='ocr_line' id='line_1_33' title="bbox 212 3421 1216 3490; baseline -0.003 -16"><span class='ocrx_word' id='word_1_267' title='bbox 212 3426 295 3474; x_wconf 84' lang='lat' dir='ltr'><strong>salves</strong></span> <span class='ocrx_word' id='word_1_268' title='bbox 308 3441 336 3474; x_wconf 88' lang='lat' dir='ltr'><strong>ss</strong></span> <span class='ocrx_word' id='word_1_269' title='bbox 353 3425 375 3474; x_wconf 93' lang='lat' dir='ltr'><strong>it</strong></span> <span class='ocrx_word' id='word_1_270' title='bbox 389 3423 669 3474; x_wconf 77' lang='lat' dir='ltr'><strong>wera&#39;=‘themse1ves</strong></span> <span class='ocrx_word' id='word_1_271' title='bbox 686 3441 729 3473; x_wconf 91' lang='lat' dir='ltr'><strong>are</strong></span> <span class='ocrx_word' id='word_1_272' title='bbox 745 3423 812 3473; x_wconf 88' lang='lat' dir='ltr'><strong>their</strong></span> <span class='ocrx_word' id='word_1_273' title='bbox 827 3422 878 3472; x_wconf 84' lang='lat' dir='ltr'><strong>alL’</strong></span> <span class='ocrx_word' id='word_1_274' title='bbox 912 3423 972 3486; x_wconf 60' lang='lat' dir='ltr'><strong>aaa.</strong></span> <span class='ocrx_word' id='word_1_275' title='bbox 990 3421 1110 3487; x_wconf 86' lang='lat' dir='ltr'><strong>adopting</strong></span> <span class='ocrx_word' id='word_1_276' title='bbox 1126 3438 1142 3471; x_wconf 88' lang='lat' dir='ltr'><strong>s</strong></span> <span class='ocrx_word' id='word_1_277' title='bbox 1158 3438 1216 3490; x_wconf 88' lang='lat' dir='ltr'><strong>sug·</strong></span> 
     </span>
     <span class='ocr_line' id='line_1_34' title="bbox 215 3502 952 3568; baseline 0 -16"><span class='ocrx_word' id='word_1_278' title='bbox 215 3504 313 3568; x_wconf 86' lang='lat' dir='ltr'><strong>gestion</strong></span> <span class='ocrx_word' id='word_1_279' title='bbox 325 3503 352 3551; x_wconf 83' lang='lat' dir='ltr'><strong>ol</strong></span> <span class='ocrx_word' id='word_1_280' title='bbox 361 3503 434 3552; x_wconf 76' lang='lat' dir='ltr'><strong>Fulo.</strong></span> <span class='ocrx_word' id='word_1_281' title='bbox 451 3505 568 3562; x_wconf 74' lang='lat' dir='ltr'><strong>Urelmaa,</strong></span> <span class='ocrx_word' id='word_1_282' title='bbox 581 3502 683 3567; x_wconf 88' lang='lat' dir='ltr'><strong>printed</strong></span> <span class='ocrx_word' id='word_1_283' title='bbox 694 3502 747 3550; x_wconf 88' lang='lat' dir='ltr'><strong>siue</strong></span> <span class='ocrx_word' id='word_1_284' title='bbox 757 3503 809 3551; x_wconf 86' lang='lat' dir='ltr'><strong>lare</strong></span> <span class='ocrx_word' id='word_1_285' title='bbox 821 3506 952 3566; x_wconf 80' lang='lat' dir='ltr'><strong>vagantur.</strong></span> 
     </span>
    </p>

    <p class='ocr_par' dir='ltr' id='par_1_10' title="bbox 216 3578 1215 3721">
     <span class='ocr_line' id='line_1_35' title="bbox 248 3578 1215 3645; baseline -0.001 -15"><span class='ocrx_word' id='word_1_286' title='bbox 248 3581 331 3631; x_wconf 71' lang='lat' dir='ltr'><strong>cuir.</strong></span> <span class='ocrx_word' id='word_1_287' title='bbox 343 3581 521 3644; x_wconf 77' lang='lat' dir='ltr'><strong>XLIII-17.</strong></span> <span class='ocrx_word' id='word_1_288' title='bbox 538 3585 636 3641; x_wconf 77' lang='lat' dir='ltr'><strong>magis.</strong></span> <span class='ocrx_word' id='word_1_289' title='bbox 660 3581 727 3631; x_wconf 84' lang='lat' dir='ltr'><strong>Iren.</strong></span> <span class='ocrx_word' id='word_1_290' title='bbox 736 3581 754 3629; x_wconf 93' lang='lat' dir='ltr'><strong>i.</strong></span> <span class='ocrx_word' id='word_1_291' title='bbox 764 3590 778 3644; x_wconf 76' lang='lat'>7</span> <span class='ocrx_word' id='word_1_292' title='bbox 786 3597 793 3642; x_wconf 72' lang='grc' dir='ltr'><strong><em>ς</em></strong></span> <span class='ocrx_word' id='word_1_293' title='bbox 808 3579 845 3630; x_wconf 91' lang='lat'><strong>16.</strong></span> <span class='ocrx_word' id='word_1_294' title='bbox 856 3593 887 3643; x_wconf 76' lang='lat'><strong>33</strong></span> <span class='ocrx_word' id='word_1_295' title='bbox 901 3589 980 3644; x_wconf 79' lang='lat'><strong>17.1;</strong></span> <span class='ocrx_word' id='word_1_296' title='bbox 994 3592 1032 3629; x_wconf 82' lang='lat'><strong>20.</strong></span> <span class='ocrx_word' id='word_1_297' title='bbox 1043 3593 1065 3630; x_wconf 84' lang='lat' dir='ltr'><strong>a.</strong></span> <span class='ocrx_word' id='word_1_298' title='bbox 1091 3578 1215 3645; x_wconf 85' lang='lat' dir='ltr'><strong>Epiphsn.</strong></span> 
     </span>
     <span class='ocr_line' id='line_1_36' title="bbox 216 3660 1173 3721; baseline -0.005 -11"><span class='ocrx_word' id='word_1_299' title='bbox 216 3660 295 3710; x_wconf 83' lang='lat' dir='ltr'><strong>Haer.</strong></span> <span class='ocrx_word' id='word_1_300' title='bbox 308 3660 385 3708; x_wconf 85' lang='lat' dir='ltr'><strong>xxvii.</strong></span> <span class='ocrx_word' id='word_1_301' title='bbox 398 3672 420 3721; x_wconf 79' lang='lat'><strong>3.</strong></span> <span class='ocrx_word' id='word_1_302' title='bbox 1171 3683 1173 3686; x_wconf 96' lang='lat'>·</span> 
     </span>
    </p>

    <p class='ocr_par' dir='ltr' id='par_1_11' title="bbox 216 3732 1217 3883">
     <span class='ocr_line' id='line_1_37' title="bbox 251 3732 1217 3800; baseline -0.004 -12"><span class='ocrx_word' id='word_1_303' title='bbox 251 3741 289 3788; x_wconf 89' lang='lat'><strong>18.</strong></span> <span class='ocrx_word' id='word_1_304' title='bbox 307 3741 540 3788; x_wconf 86' lang='lat' dir='ltr'><strong>circulatoribus:</strong></span> <span class='ocrx_word' id='word_1_305' title='bbox 574 3735 911 3787; x_wconf 72' lang='lat' dir='ltr'><strong>circulatorea=‘itinerant</strong></span> <span class='ocrx_word' id='word_1_306' title='bbox 932 3732 1060 3800; x_wconf 87' lang='lat' dir='ltr'><strong>jugglers,&#39;</strong></span> <span class='ocrx_word' id='word_1_307' title='bbox 1083 3735 1217 3800; x_wconf 83' lang='lat' dir='ltr'><strong>popularly</strong></span> 
     </span>
     <span class='ocr_line' id='line_1_38' title="bbox 216 3813 1216 3883; baseline -0.002 -17"><span class='ocrx_word' id='word_1_308' title='bbox 216 3817 330 3867; x_wconf 77' lang='lat' dir='ltr'><strong>invented</strong></span> <span class='ocrx_word' id='word_1_309' title='bbox 347 3817 408 3868; x_wconf 90' lang='lat' dir='ltr'><strong>with</strong></span> <span class='ocrx_word' id='word_1_310' title='bbox 424 3816 530 3883; x_wconf 86' lang='lat' dir='ltr'><strong>magical</strong></span> <span class='ocrx_word' id='word_1_311' title='bbox 550 3831 652 3881; x_wconf 86' lang='lat' dir='ltr'><strong>powers.</strong></span> <span class='ocrx_word' id='word_1_312' title='bbox 686 3815 820 3881; x_wconf 88' lang='lat' dir='ltr'><strong>Apuleius,</strong></span> <span class='ocrx_word' id='word_1_313' title='bbox 837 3814 941 3866; x_wconf 77' lang='lat' dir='ltr'><strong>Metam.</strong></span> <span class='ocrx_word' id='word_1_314' title='bbox 962 3829 987 3877; x_wconf 89' lang='lat'><strong>4,</strong></span> <span class='ocrx_word' id='word_1_315' title='bbox 1004 3813 1094 3865; x_wconf 85' lang='lat' dir='ltr'><strong>relatos</strong></span> <span class='ocrx_word' id='word_1_316' title='bbox 1114 3831 1130 3864; x_wconf 88' lang='lat' dir='ltr'><strong>a</strong></span> <span class='ocrx_word' id='word_1_317' title='bbox 1148 3814 1216 3864; x_wconf 81' lang='lat' dir='ltr'><strong>triok</strong></span> 
     </span>
    </p>
   </div>
   <div class='ocr_carea' id='block_1_6' title="bbox 0 0 1369 4356">
    <p class='ocr_par' dir='ltr' id='par_1_12' title="bbox 0 0 1369 4356">
     <span class='ocr_line' id='line_1_39' title="bbox 0 0 1369 4356; baseline 0 0"><span class='ocrx_word' id='word_1_318' title='bbox 0 0 1369 4356; x_wconf 95' lang='lat' dir='ltr'><strong> </strong></span> 
     </span>
    </p>
   </div>
  </div>
 </body>
</html>
