2724 4356
146 279 204 326 civ.
220 271 302 338 vnn]
345 263 385 329 de
406 265 665 350 Praescriptione
686 265 941 331 Haereticorum.
1103 282 1146 350 43

146 437 288 496 Nationes
310 458 379 496 vero
401 458 552 516 nunquam
576 459 665 517 penes
690 439 795 512 Deum,
819 438 876 498 nisi
902 437 1086 498 stillicidium
1111 439 1147 498 de

146 535 243 608 situla,
266 544 296 595 ct
320 536 418 614 pulvis
445 558 481 596 ex
505 558 571 597 aren
600 544 630 598 et
655 538 725 598 foris
753 559 875 616 semper.
917 538 967 599 Ita
994 539 1048 616 qui
1076 537 1148 597 foris

146 654 268 711 semper,
298 635 442 712 quomodo
468 636 600 714 pulsabit
625 656 668 708 eo,
690 636 742 695 ubi
769 658 918 714 nunquam
945 637 1026 696 fuiti
1059 656 1148 714 qnam

146 733 264 792 ianuam
283 733 375 806 novit,
396 734 430 792 in
450 754 508 810 qua
527 755 580 794 nec
599 741 740 812 receptus,
763 757 815 794 nec
836 736 948 796 eiectus
969 737 1148 814 aliquandol

146 853 184 890 an
198 831 249 908 qui
268 831 324 890 scit
341 851 371 890 se
390 832 471 891 intus
484 832 573 892 fuisse
591 839 622 893 et
636 834 715 892 foras
729 838 835 906 actum,
851 834 877 893 is
891 833 993 913 potius
1007 834 1147 911 pulsavit,
1163 845 1177 896 5

146 935 177 990 et
191 930 299 990 ostium
314 930 417 990 noviti

187 1029 288 1090 Etiam
302 1030 399 1090 Petite
413 1035 444 1090 et
463 1030 613 1110 accipietis
634 1030 661 1090 ei
682 1032 831 1110 competit,
848 1032 899 1110 qui
921 1032 1032 1092 sciebat
1052 1055 1070 1093 a
1092 1052 1150 1110 quo

146 1134 222 1187 esset
243 1129 445 1205 petendum,a
467 1149 525 1207 quo
547 1135 578 1188 et
598 1134 664 1189 erat
684 1131 798 1209 aliquid
819 1132 1035 1210 repromissum,
1053 1152 1071 1191 a
1088 1131 1150 1190 Deo

147 1227 259 1286 scilicet
273 1227 432 1300 Abraham,
448 1227 531 1287 Isaac
551 1235 581 1288 et
600 1229 697 1301 Iacob,
712 1250 799 1306 quem
821 1230 954 1289 nationes
976 1251 1035 1290 non
1056 1229 1150 1307 magis

148 1333 290 1386 noverant
316 1347 403 1405 quam
431 1327 524 1386 ullam
551 1327 804 1405 repromissionem
826 1329 897 1388 eius.
950 1331 991 1389 Et
1018 1330 1086 1388 ideo
1113 1329 1152 1388 ad
1168 1348 1197 1383 ιο

148 1426 239 1485 lsrael
262 1426 454 1503 loquebatur:
486 1425 555 1484 Non
578 1447 652 1499 sum,
674 1427 784 1505 inquit,
808 1427 923 1502 missus,
947 1428 1005 1487 nisi
1025 1429 1063 1487 ad
1083 1448 1151 1486 oves

149 1525 279 1601 perditas
301 1524 403 1584 domus
427 1525 528 1585 Israel.
579 1525 718 1584 Nondum
747 1525 868 1585 canibus
896 1525 1020 1585 iactarat
1047 1545 1152 1603 panem

148 1622 292 1683 filiorum:
330 1623 459 1682 nondum
487 1623 519 1682 in
544 1623 624 1682 viam
652 1624 806 1684 notionum
834 1624 876 1683 ire
900 1625 1069 1684 mandabat.
1119 1624 1152 1683 Si

149 1722 266 1800 quidem
280 1721 312 1780 in
326 1721 385 1780 fine
398 1722 555 1800 praecepit,
571 1723 713 1783 vaderent
730 1721 768 1781 ad
787 1723 930 1783 docendas
950 1729 980 1782 et
998 1723 1152 1800 tingendas

150 1819 301 1895 nationes;
331 1820 515 1880 consecuturi
536 1841 606 1879 mox
627 1820 772 1899 Spiritum
792 1820 934 1880 Sanctum
956 1821 1151 1892 Paracletum,
1168 1837 1196 1887 15

149 1920 199 1998 qui
214 1921 280 1979 illos
294 1920 473 1979 deducturus
488 1925 563 1979 esset
577 1920 609 1979 in
623 1941 738 1979 omnem
752 1920 916 1980 veritatem.
959 1921 1001 1979 Et
1015 1921 1068 1980 hoc
1083 1940 1152 1997 ergo

184 2101 206 2137 1.
223 2089 290 2136 nisi.
314 2086 361 2135 Sec
372 2092 438 2146 note,
450 2086 489 2136 ch.
506 2100 528 2136 2.

215 2167 405 2223 stillicidium,
416 2164 433 2214 i.
441 2180 464 2213 e.
480 2161 579 2224 ‘stilla,’
597 2161 715 2226 ‘gutta';
733 2181 811 2228 comp.
828 2166 858 2214 de
873 2170 948 2231 spect.
962 2177 992 2230 27
1010 2164 1154 2215 ‘stillicidia

149 2240 261 2298 mellis';
280 2243 321 2292 ad.
339 2247 392 2290 aot.
408 2242 435 2292 ii.
454 2256 466 2289 π
487 2241 533 2291 ‘de
549 2241 733 2291 stillicidio...
747 2241 879 2292 veritatis)
912 2243 962 2292 iso.
981 2245 1016 2294 xl.
1030 2257 1059 2306 15
1073 2243 1154 2292 ‘Ecce

149 2325 235 2384 gentes
246 2321 317 2384 quasi
328 2319 398 2369 stilla
410 2319 508 2379 situlae,
524 2324 550 2367 et
561 2320 633 2382 quasi
645 2325 800 2367 momentum
811 2325 920 2370 staterae
936 2327 1067 2386 reputatae
1077 2325 1152 2373 sunt:

150 2415 205 2448 ecce
216 2398 314 2447 insulae
326 2397 398 2461 quasi
409 2397 492 2462 pulvis
504 2395 622 2462 exiguns’
636 2399 747 2461 (ang.).

185 2492 206 2526 2.
223 2480 271 2527 Ita
281 2479 339 2535 qni.
375 2476 461 2543 Aqola„
475 2477 488 2524 I
501 2513 507 2525 .
521 2513 528 2527 .
541 2513 546 2525 .
559 2476 617 2540 qni:
634 2477 727 2541 Itaque
738 2477 817 2536 Leti,
831 2478 929 2528 litem:
947 2479 1039 2542 Itaque
1050 2478 1095 2542 qui
1107 2477 1152 2528 rel.

184 2571 206 2620 5.
224 2571 384 2604 an=annom

185 2644 206 2698 7.
225 2636 319 2684 Petite
340 2640 369 2684 et
388 2637 541 2693 accipietis.
575 2633 602 2683 S.
618 2634 690 2684 John
707 2635 758 2682 xvi.
775 2648 814 2699 ²4·
847 2634 989 2684 Tertullian
1007 2634 1154 2699 frequently

150 2713 263 2763 confuses
282 2713 334 2762 this
353 2729 424 2762 verse
442 2713 504 2762 with
520 2713 599 2762 Matt.
611 2713 654 2764 vii.
668 2723 682 2777 7
696 2713 780 2776 (Lukc
791 2714 824 2762 xi.
838 2714 875 2777 9),
888 2713 968 2762 which
980 2712 1012 2762 he
1023 2713 1154 2777 evidently

150 2797 236 2841 meant
247 2797 273 2841 to
284 2797 361 2855 quote
372 2791 439 2842 here.
473 2792 521 2841 See
532 2793 563 2842 do
573 2791 643 2857 bapt.
658 2806 702 2852 20;
718 2793 749 2842 de
764 2796 830 2841 orat.
846 2806 891 2848 103
909 2791 980 2842 Paos.
991 2791 1020 2842 S.
1032 2791 1108 2857 Perp.
1124 2804 1154 2856 19

153 2867 314 2935 (Robinson’s
327 2871 375 2930 ed„
388 2887 429 2934 pp.
441 2885 481 2934 49,
494 2870 547 2934 88).

186 2963 223 2999 10.
243 2952 280 2998 ad
290 2952 388 2998 Israel.
422 2948 447 2998 S.
461 2949 539 2999 Matt.
551 2965 593 2998 xv.
607 2948 682 3011 24l.;
701 2962 769 3012 x.5;
790 2947 877 2997 xxviii.
891 2962 930 3014 19.

186 3041 224 3090 14·
241 3031 401 3086 tingendas,
414 3029 429 3077 i.
440 3044 461 3077 e.
476 3024 674 3091 ‘baptizandos’
713 3027 775 3075 This
786 3027 913 3076 technioal
926 3042 996 3076 sense
1008 3025 1155 3091 frequently

151 3106 265 3155 atteches
282 3111 310 3154 to
327 3106 440 3169 tinycre:
462 3106 512 3154 chs.
528 3119 569 3165 20,
583 3119 623 3169 29,
635 3120 683 3169 40;
701 3104 731 3154 de
746 3121 790 3154 rea.
807 3121 878 3156 coro.
893 3116 925 3170 47
942 3105 1063 3170 (quoting
1079 3105 1153 3155 Rom.

152 3185 185 3234 vi.
199 3182 240 3246 3);
259 3184 316 3233 odo.
329 3184 411 3233 Pron.
428 3181 473 3243 26;
491 3183 521 3232 de
531 3182 602 3247 bapt.
614 3184 716 3246 passim.

186 3275 224 3324 15.
242 3264 428 3312 Paracletum.
462 3261 489 3311 S.
501 3261 572 3311 John
582 3261 634 3311 xvi.
650 3274 689 3324 13.

187 3340 225 3391 16.
243 3345 416 3391 deducturus
424 3344 505 3389 essct.
524 3336 1156 3403 ‘Deductor(=nc0pyprds)isacommonepithet

152 3419 180 3468 ol
187 3420 232 3469 the
243 3420 313 3484 Holy
325 3419 406 3484 Spirit
416 3419 444 3468 in
454 3416 756 3482 Tertullian’swritings:
773 3434 794 3467 e.
803 3434 828 3482 g.
840 3420 870 3468 de
873 3419 936 3483 sup.
950 3432 962 3466 1
977 3418 1156 3467 ‘Paracletum

152 3496 315 3547 deductorem
336 3498 418 3547 omnis
436 3497 567 3547 veritatis:
592 3497 624 3546 to.
646 3510 692 3559 143
714 3498 743 3546 de
761 3512 812 3547 cor.
826 3511 858 3559 4;
883 3497 940 3546 adv.
960 3495 1040 3546 Pron.
1061 3510 1092 3555 2;
1108 3496 1156 3545 bnt

152 3577 230 3640 Apol.
250 3590 288 3634 21,
305 3575 334 3625 oi
351 3575 396 3626 the
413 3575 464 3625 Son
484 3576 512 3625 ot'
528 3575 592 3636 God,
607 3575 788 3624 ‘illuminator
808 3579 886 3639 atque
905 3574 1037 3624 Dadnctor
1055 3574 1155 3637 generis

152 3653 273 3704 humani)

218 3735 351 3792 ergcillo.
369 3733 402 3782 So
409 3732 581 3797 Apob.‚Leid.‚
591 3732 664 3795 Rip:
677 3748 738 3796 erga
745 3730 803 3780 illos
812 3731 890 3782 Rhea.
898 3731 990 3780 emend.
1018 3730 1156 3779 Heumann

153 3812 236 3862 would
247 3813 338 3862 emend
353 3812 403 3862 ‘Et
414 3811 462 3862 hoc
474 3828 533 3878 erga
544 3811 601 3861 illos
613 3811 635 3860 si
647 3815 720 3860 vacat
732 3810 776 3874 qui
787 3809 941 3858 nationibus.
958 3844 965 3858 .
983 3843 990 3857 .
1009 3803 1026 3859 .’
