2724 4356
250 302 313 362 114
653 283 855 349 Tertulliani
1113 294 1187 360 [ca.
1205 297 1248 347 1v.

247 459 278 515 et
292 454 398 515 adhoc
415 475 540 515 scamma
560 453 710 533 produxit,
725 453 818 514 voluit
832 474 883 513 vos
905 460 973 514 unte
994 453 1072 514 diem
1093 455 1195 533 agonis
1212 455 1251 516 ad

247 553 392 613 duriorem
416 553 620 613 tractationem
645 574 663 612 a
689 551 827 612 liberiore
848 552 1017 613 condicione
1045 572 1194 631 seponere,
1215 559 1252 614 ut

247 650 324 712 vires
352 653 611 711 corroborarentur
637 650 670 709 in
690 649 781 712 vobis.
823 651 937 728 Nempe
965 650 1099 712 enimet
1123 652 1250 712 athletae

248 757 442 828 segregantur
455 752 493 810 ad
506 749 684 810 strictiorem
698 748 896 826 disciplinam,
911 753 947 808 ut
960 749 1058 809 robori
1072 749 1251 810 aedificando

220 858 360 910 tracent.
404 849 602 908 Continentur
621 869 640 908 a
660 848 787 922 luxuria,
802 868 821 907 a
840 847 916 926 cibis
937 847 1117 921 laetioribus,
1136 869 1155 908 a
1175 853 1251 926 potu

247 947 425 1008 iucundiore.
467 946 627 1024 Coguntur,
645 946 824 1017 cruciantur,
844 945 1026 1024 fatigantur:
1052 953 1161 1022 quanto
1181 947 1250 1024 plus

247 1046 279 1105 in
314 1045 572 1105 exercitationibus
605 1045 812 1118 laboraverint,
840 1050 925 1105 tanto
958 1045 1027 1123 plus
1061 1045 1098 1104 de
1125 1044 1250 1105 victoria
1287 1034 1291 1041 Δ

246 1149 375 1221 sperant.
416 1144 459 1204 Et
472 1143 526 1216 illi,
538 1143 637 1222 inquit
650 1142 820 1222 Apostolus,
832 1150 867 1203 ut
881 1163 1015 1202 coronam
1026 1142 1251 1220 corruptibilem

247 1248 469 1319 consequantur.
520 1242 584 1301 Nos
608 1247 757 1302 aeternam
781 1242 968 1302 consecuturi
993 1261 1139 1301 carcerem
1166 1241 1251 1302 nohis

204 1369 235 1404 ιο
246 1362 301 1421 pro
315 1342 461 1419 palaestra
480 1341 720 1419 interpretamur,
733 1346 769 1400 ut
790 1340 829 1399 ad
849 1339 978 1400 stadium
999 1339 1156 1401 tribunalis
1176 1342 1250 1401 bene

246 1439 401 1501 exercitati
434 1439 625 1499 incommodis
656 1438 790 1498 omnibus
824 1439 1029 1518 producamur,
1057 1438 1127 1518 quia
1153 1440 1250 1500 virtus

248 1539 360 1600 duritia
373 1537 545 1610 exstruitur,
561 1537 687 1598 mollitia
701 1558 771 1598 vero
788 1526 961 1597 destruitur.

644 1731 779 1792 CAPUT
800 1731 852 1791 IV.

289 1866 406 1926 Somne
433 1887 470 1925 ex
497 1865 641 1926 dominico
667 1871 833 1945 praecepto,
857 1863 935 1941 quod
961 1884 1028 1924 caro
1055 1864 1173 1924 infirma
1201 1867 1249 1939 sit,

248 1963 370 2042 spiritus
404 1972 566 2043 promptus.
622 1965 693 2023 Non
727 1984 798 2041 ergo
836 1961 919 2023 nobis
953 1962 1147 2037 blandiamur,
1180 1965 1251 2042 qnia

204 2080 233 2130 15
248 2062 392 2122 Dominus
413 2063 558 2123 consensit
579 2083 695 2122 carnem
715 2061 863 2121 infirmam
883 2080 953 2120 esse.
995 2061 1153 2141 Propterea
1171 2063 1251 2123 enim

248 2161 398 2238 praedixit
411 2161 551 2240 spiritum
568 2167 746 2240 promptum,
761 2165 796 2219 ut
810 2160 982 2233 ostenderet,
999 2159 1071 2238 quid
1084 2160 1132 2221 oni
1146 2161 1251 2222 debeat

247 2280 309 2319 esse
337 2260 509 2333 subiectum,
531 2260 654 2332 scilicet,
677 2267 712 2319 ut
736 2279 801 2318 caro
823 2257 932 2317 serviat
953 2257 1080 2336 spiritui,
1105 2258 1251 2322 infirmior

247 2358 371 2431 fortiori,
388 2364 424 2417 ut
444 2359 481 2418 ab
502 2379 535 2418 eo
555 2358 645 2418 etiam
665 2357 730 2435 ipsa
750 2355 955 2416 fortitudinem
975 2362 1112 2416 assumat.
1155 2358 1251 2418 Collo·

248 2462 358 2535 quatur
378 2456 500 2535 spiritus
520 2478 587 2517 cnm
608 2477 695 2516 cerne
715 2455 752 2515 de
773 2453 920 2514 communi
941 2455 1044 2528 seluto,
1059 2475 1112 2516 nec
1131 2455 1193 2516 iam
1214 2458 1250 2517 de

204 2579 235 2613 20
247 2555 437 2616 incommodis
459 2555 591 2627 carceris,
615 2555 667 2616 sed
694 2555 759 2632 ipso
788 2572 879 2632 agone
908 2558 939 2612 et
969 2553 1081 2632 proelio
1109 2555 1249 2632 cogitans.

283 2742 303 2777 1.
321 2743 450 2779 scamma.
484 2728 539 2778 The
556 2729 655 2790 σκάμμα
670 2745 722 2778 vves
738 2727 856 2792 properly
870 2742 886 2774 a
903 2726 1002 2790 portion
1019 2727 1047 2777 of
1061 2728 1107 2777 the
1123 2729 1251 2792 palaestra

248 2807 300 2870 dug
316 2811 360 2855 out
376 2807 426 2855 end
443 2806 538 2857 sauded
553 2807 592 2856 ior
609 2807 653 2856 the
668 2807 797 2856 wrestlers
814 2821 843 2854 or
859 2805 974 2869 leepers3
997 2805 1099 2855 Krause
1117 2806 1220 2857 Hellen.
1231 2809 1250 2857 i.

249 2898 295 2949 105
313 2885 330 2933 f.
340 2901 348 2945 ;
370 2902 409 2950 op.
426 2886 505 2935 clem.
522 2885 595 2934 Rom.
616 2895 630 2949 7
651 2882 813 2949 (Lightfoot's
834 2884 914 2950 note).
950 2883 1004 2933 The
1021 2882 1138 2950 martyrs'
1156 2886 1250 2949 prison,

247 2964 316 3025 then,
329 2964 393 3012 from
403 2981 419 3013 a
430 2964 487 3013 fifth
497 2965 569 3028 point
581 2963 609 3013 of
616 2963 685 3028 sight
696 2963 718 3012 is
729 2979 745 3012 a
756 2965 764 2990 ‘
774 2962 903 3028 wrestling
919 2960 1032 3029 ground,'
1044 2962 1127 3012 where
1141 2963 1186 3014 the
1199 2964 1251 3013 last

246 3047 344 3091 contest
354 3042 376 3090 is
387 3047 414 3092 to
425 3042 457 3091 be
468 3042 572 3092 entered
584 3058 651 3106 upon
663 3042 715 3090 and
725 3041 770 3091 the
780 3040 881 3105 victory
892 3059 957 3094 won.

279 3136 303 3184 4.
322 3123 511 3181 disciplinam,
523 3118 681 3184 ‘training’t
700 3135 741 3168 see
749 3124 808 3168 note
819 3119 973 3184 depraessa.
985 3120 1054 3170 laer.
1063 3118 1087 3168 6.

282 3212 304 3261 5.
321 3204 437 3249 vacent:
462 3197 535 3248 ‘that
551 3199 612 3262 they
628 3214 687 3262 may
703 3197 735 3246 be
751 3196 803 3246 free
811 3199 864 3262 for
872 3194 893 3248 ἐ
917 3197 1079 3248 constructed
1090 3198 1184 3248 witha
1199 3198 1250 3248 and

247 3277 291 3326 the
301 3275 350 3326 abl.
384 3282 514 3326 vaoure=⁴
524 3282 551 3326 to
566 3277 598 3325 be
610 3277 662 3326 free
671 3277 764 3340 from,'
777 3291 818 3325 see
830 3276 911 3325 above
927 3277 967 3326 ch.
980 3291 1010 3336 ²3
1026 3278 1057 3326 de
1069 3276 1130 3327 idol.
1143 3276 1167 3327 8.
1200 3277 1251 3326 For

247 3355 352 3404 another
363 3371 407 3405 use
421 3355 449 3404 of
457 3372 546 3404 vacare
557 3356 653 3418 (znon
664 3354 794 3417 exsistere)
807 3371 848 3404 see
860 3360 918 3405 note
930 3356 1003 3422 Apol.
1019 3369 1040 3405 1.

281 3433 303 3483 8.
321 3436 415 3492 inquit
426 3436 588 3491 Apostolus.
627 3447 638 3482 1
652 3434 707 3483 Gor.
720 3432 754 3482 ix.
768 3446 807 3497 25.

313 3527 446 3562 coronam
456 3515 678 3571 corruptibilem.
712 3511 766 3560 The
777 3511 866 3577 iading
873 3511 974 3576 chsplet
986 3511 1014 3561 ol
1027 3511 1121 3573 leaves,
1133 3511 1248 3574 oleaster,

248 3592 314 3655 pine,
326 3591 378 3656 ivy,
390 3591 489 3657 parsley
501 3591 594 3656 orbay.

283 3682 321 3719 10.
339 3683 390 3727 pro
401 3673 541 3727 palaestra
551 3686 556 3720 :
575 3670 618 3718 ‘as
627 3685 642 3717 a
650 3666 893 3733 wrestling·school,'
904 3684 932 3719 or
944 3665 1195 3733 ‘training·ground,’
1208 3683 1250 3718 see

248 3747 327 3797 above
338 3764 371 3796 on
383 3745 521 3797 ‘scamma'

281 3825 361 3875 cuer.
374 3826 496 3888 Ill—13·
509 3841 544 3874 ex
556 3827 699 3876 dominico
710 3829 869 3883 praecepto.
904 3823 929 3874 S.
943 3824 1023 3874 Mett.
1036 3823 1105 3876 xxvi.
1116 3835 1157 3888 41.
