2724 4356
194 250 256 315 162
519 244 658 312 Pseudo-
666 242 866 309 Tertulliani
1063 251 1137 319 [cm.
1154 257 1211 306 v1.·

193 421 345 481 Christum
373 418 502 480 dixisse:
538 419 602 496 Ego
630 439 695 480 sum
720 430 742 476 Α
767 423 798 478 et
821 429 853 478 Ω.
879 415 1015 494 Denique
1037 419 1072 476 ia
1099 416 1201 476 Iesum

195 519 349 581 Christum
371 519 559 592 descendisse,
581 518 687 590 idest,
709 517 871 578 columbam
895 516 926 575 in
951 516 1051 576 Iesum
1076 515 1200 587 venisse,

195 639 270 699 quae
298 618 409 678 Graeco
438 617 554 677 nomine
583 638 649 676 cum
676 620 817 692 περιστερὰ
848 615 1064 693 pronuntietur,
1093 615 1202 674 habere

196 717 356 779 secundum
367 736 520 776 numerum
532 715 666 776 DCOOI.
708 715 889 775 Percurrunt
903 713 953 772 isti
967 725 999 786 Ω,
1008 725 1042 785 Ψ,
1051 724 1083 787 x,
1093 724 1123 786 Φ,
1133 725 1164 786 Υ,
1173 723 1202 785 Τ,

169 821 293 887 5totum
318 836 410 894 usque
432 815 469 874 ad
493 827 521 889 Α,
547 826 574 887 Β,
598 821 628 873 et
651 818 822 892 computant
842 813 987 890 ogdoadas
1007 818 1038 872 et
1059 811 1203 887 decadas3

196 915 241 975 ita
256 915 359 974 afferre
373 915 490 973 illorum
505 934 606 972 omnes
616 913 763 972 vanitates
777 920 806 971 et
820 911 954 990 ineptum
969 910 1009 970 sit
1023 917 1054 970 et
1069 910 1204 970 otiosum.

199 1014 285 1088 Quod
300 1020 397 1074 tamen
412 1033 470 1071 non
484 1018 601 1072 tantum
622 1012 680 1071 iam
694 1031 810 1082 vanum,
827 1010 877 1070 sed
898 1009 987 1069 etiam
1008 1009 1204 1087 periculosum

198 1112 259 1173 sit:
282 1113 408 1171 alterum
423 1112 508 1170 deum
527 1110 644 1190 fingunt
661 1114 778 1187 praeter
793 1109 982 1181 creatorem
1004 1108 1158 1169 Christum
1173 1108 1206 1166 in

200 1209 366 1271 substantia
376 1213 484 1288 negant
495 1209 591 1270 carnis
605 1208 694 1268 fuisse
706 1229 715 1282 3
737 1215 846 1284 negant
857 1206 952 1266 carnis
963 1207 1206 1267 resurrectionem

158 1310 339 1373 rofuturam.

597 1533 734 1593 CAPUT
756 1533 810 1594 VI.

245 1695 386 1754 Aoonm'r
407 1694 454 1754 his
469 1695 584 1755 Cerdon
606 1696 735 1772 quidam.
777 1695 837 1755 Hic
858 1694 1021 1755 introducit
1035 1695 1122 1755 initia
1140 1696 1208 1770 duo,

203 1794 235 1854 id
254 1799 300 1854 est
318 1794 391 1853 duos
413 1793 490 1869 deos,
507 1815 599 1853 unum
620 1794 730 1853 bonum
751 1799 782 1854 et
803 1795 931 1854 alterum
952 1815 1078 1867 saevum,
1100 1795 1211 1852 bonum

205 1893 392 1970 superiorem,
407 1913 525 1952 saevum
539 1892 617 1952 hunc
634 1893 737 1951 muudi
752 1899 919 1953 creatorem.
960 1892 1020 1953 Hic
1041 1892 1211 1971 prophetias

206 1997 236 2052 et
257 1991 351 2068 legem
373 1992 514 2069 repudiat.
559 1992 622 2050 Deo
644 1991 769 2051 creatori
791 1991 951 2065 renuntiat,
971 1992 1130 2076 superioris
1152 1990 1212 2050 Dei

162 2090 317 2163 15Filium
336 2089 486 2151 Christum
506 2090 620 2150 venisse
637 2095 755 2166 tractat,
778 2090 857 2149 hunc
878 2091 911 2149 in
931 2091 1096 2151 substantia
1115 2089 1213 2150 carnis

206 2195 305 2267 negat,
328 2190 360 2248 in
379 2191 585 2268 phantasmate
607 2190 667 2248 solo
686 2189 776 2248 iirisse
796 2190 991 2267 pronuntiat;
1015 2210 1068 2249 nec
1089 2188 1212 2248 omnino

207 2308 335 2367 passum,
363 2288 414 2348 sed
447 2287 532 2365 quasi
561 2307 695 2365 passum3
731 2308 784 2347 nec
812 2309 849 2347 ex
875 2288 990 2365 virgine
1021 2293 1133 2360 natum,
1162 2288 1214 2348 sed

209 2388 327 2448 omnino
354 2407 407 2446 nec
435 2393 555 2459 natum3
591 2386 832 2446 resurrectionem
861 2387 975 2447 animae
1011 2386 1214 2446 tantummodo

209 2486 323 2564 probat,
338 2485 468 2562 corporis
482 2491 580 2562 negat.
616 2484 716 2544 Solum
730 2485 915 2562 evangelium
930 2485 1036 2556 Lucae,
1048 2505 1102 2544 nec
1115 2492 1216 2544 tamen

167 2610 198 2645 20
210 2589 305 2644 totum
334 2583 456 2661 recipit:
493 2583 617 2661 apostoli
645 2583 731 2643 Pauli
759 2603 854 2661 neque
881 2604 980 2644 omnes
1007 2604 1102 2661 neque
1137 2590 1215 2642 totas

248 2820 269 2856 1.
288 2809 350 2864 Ego
361 2821 424 2854 sum
442 2811 463 2853 A
480 2810 509 2854 et
526 2807 555 2854 Ω.
592 2805 655 2852 Rev.
668 2805 685 2853 i.
699 2814 723 2866 7,
735 2804 786 2855 xxi.
800 2804 896 2866 6,xxii.
911 2819 949 2868 13.

279 2883 312 2928 in
328 2883 431 2929 Iesum.
464 2878 519 2928 The
534 2879 648 2928 addition
664 2878 692 2927 of
705 2879 734 2927 ia
750 2895 829 2928 seems
847 2886 874 2928 to
891 2879 923 2928 be
939 2879 1063 2943 required,
1076 2894 1103 2928 as
1120 2879 1219 2929 Semler

213 2960 268 3008 first
277 2958 381 3021 pointed
392 2962 444 3006 out.

247 3053 270 3099 4.
291 3039 453 3085 seeundum.
488 3035 521 3084 So
532 3035 576 3085 tha
588 3035 662 3084 MSS.
678 3034 795 3100 Scaliqer
809 3035 929 3100 proposed
941 3053 1025 3086 secum
1042 3036 1127 3085 hunc:
1147 3035 1219 3086 oeus.

215 3116 295 3179 prints
309 3130 407 3173 secum;
423 3115 471 3163 but
482 3129 515 3162 no
526 3113 694 3163 alterationis
706 3130 844 3180 necessary.

248 3193 330 3243 Onne.
346 3192 471 3240 VI.-11.
489 3195 608 3241 cerdon.
643 3192 742 3242 Cerdon
755 3209 807 3242 was
824 3210 840 3241 a
850 3194 937 3243 native
948 3192 978 3243 of
990 3193 1062 3257 Syria
1078 3193 1135 3242 who
1152 3196 1221 3242 went

215 3277 243 3322 to
254 3271 335 3320 Rome
350 3271 378 3319 in
394 3270 437 3318 the
451 3270 591 3334 episcopata
606 3269 634 3318 of
648 3270 775 3334 Hyginus,
787 3284 812 3320 s.
820 3283 846 3319 1).
861 3270 1046 3335 157—141,and
1061 3270 1139 3330 there,
1154 3271 1222 3320 after

216 3349 313 3399 several
329 3349 410 3412 lapsas
427 3348 479 3398 and
494 3348 702 3409 reconciliations,
715 3350 848 3413 separated
864 3351 929 3398 from
945 3350 989 3399 the
1001 3349 1109 3398 Ohurch.
1144 3349 1187 3397 He
1198 3349 1222 3399 is

217 3430 310 3478 known
326 3428 418 3492 chiefly
429 3427 540 3491 through
556 3427 596 3476 his
613 3426 708 3491 having
724 3429 787 3477 been
803 3427 847 3477 the
860 3429 962 3478 toacher
977 3429 1007 3477 of
1021 3427 1152 3487 Marciam
1170 3427 1222 3476 and

217 3507 284 3556 their
300 3505 475 3554 fundamental
494 3509 578 3554 tenete
595 3521 661 3554 seem
680 3510 706 3554 to
721 3504 788 3554 have
810 3507 874 3556 been
890 3506 1018 3556 identical.
1063 3506 1131 3554 Iren.
1148 3505 1165 3553 i.
1183 3519 1223 3570 24,

218 3585 254 3635 iii.
267 3601 290 3646 4.
305 3599 317 3632 2
329 3601 334 3642 ;
352 3583 456 3647 Hippol.
468 3582 565 3632 Psilos.
577 3599 602 3631 x.
617 3596 661 3646 155
679 3584 771 3648 Epiph.
783 3584 866 3634 Haer.
878 3597 925 3647 415
942 3584 1050 3635 Philast.
1062 3599 1102 3648 44.

255 3677 293 3727 19.
313 3666 412 3712 Solum
428 3664 609 3719 evangelium
626 3664 726 3712 Lucas.
760 3662 814 3711 The
831 3662 924 3711 author
939 3662 998 3711 here
1015 3678 1095 3712 seems
1111 3666 1138 3710 to
1157 3661 1225 3711 have

219 3741 371 3790 transferred
393 3744 421 3789 to
444 3740 542 3790 Cerdon
562 3745 711 3789 statements
730 3740 812 3790 which
830 3741 857 3790 in
878 3738 924 3789 the
940 3739 1047 3805 original
1066 3740 1177 3790 referred
1196 3745 1224 3790 to

221 3819 352 3880 Marcion;
369 3835 411 3868 see
422 3818 453 3867 de
464 3834 575 3884 praescr.
588 3819 659 3868 lacer.
673 3819 711 3880 38.
