2724 4356
103 281 164 328 en.
181 274 312 340 xxxva]
334 266 373 331 de
395 267 655 351 Praescriptione
675 269 932 334 Haereticorum.
1059 269 1096 331 81

103 436 257 496 dummodo
277 438 426 513 diversae3
448 440 508 499 sive
525 440 709 518 generaliter,
724 442 785 500 sive
803 440 970 519 specialiter
984 445 1102 500 notatae

102 536 140 594 ab
154 535 204 608 eis,
219 536 372 596 dummodo
386 538 629 615 praedamnatae;
651 539 778 599 audeant
793 540 966 618 respondere
977 545 1007 598 et
1021 539 1102 616 ipsae

102 635 217 712 aliquas
252 636 394 695 eiusmodi
421 637 666 716 praescriptiones
694 639 832 697 adversus
860 644 989 698 nostram
1016 638 1102 698 disci-

101 733 221 811 plinam.
264 734 296 794 si
325 735 403 793 enim
431 741 541 813 negant
565 737 721 797 veritatem
748 737 819 809 eius,
845 737 953 797 debent
981 737 1102 815 probare

102 832 184 890 illam
199 853 312 910 quoque
327 834 460 892 haeresin
475 855 545 905 esse,
561 835 661 894 eadem
679 835 772 894 forma
787 835 936 907 revictam,
951 856 1009 913 qua
1023 835 1130 912 ipsae5

101 931 310 1004 revincuntur3
340 937 370 990 et
405 933 559 993 ostendere
594 934 680 992 simul
707 933 826 992 ubinam
861 934 1027 1010 quaerenda
1063 934 1103 994 sit

101 1030 219 1102 veritas,
243 1050 329 1107 quam
350 1032 429 1108 apud
448 1031 514 1091 illas
534 1052 593 1091 non
613 1053 674 1091 esse
695 1032 754 1091 iam
775 1038 898 1092 constat.
995 1059 1004 1070 ²

142 1127 290 1187 Posterior
307 1135 407 1189 nostra
426 1151 473 1190 res
495 1152 554 1190 non
573 1136 626 1202 est,
641 1131 729 1190 immo
748 1131 883 1190 omnibus
904 1130 985 1209 prior
1003 1137 1057 1202 est,
1072 1137 1103 1190 et

102 1226 156 1285 hoc
185 1227 243 1285 erit
270 1229 470 1287 testimonium
498 1229 632 1289 veritatis
661 1230 769 1306 ubique
799 1230 968 1307 occupantis
997 1229 1103 1306 princi-

102 1330 222 1400 patum:
251 1327 390 1403 apostolis
416 1327 523 1405 ubique
545 1349 604 1387 non
628 1329 791 1399 damnetur,
816 1329 904 1386 immo
926 1329 1102 1399 defenditur,
1119 1347 1149 1383 10

102 1423 155 1482 hoc
177 1424 235 1483 erit
255 1424 397 1485 indicium
417 1427 616 1503 proprietatis
659 1426 754 1502 Quam
777 1427 853 1485 enim
875 1448 934 1485 non
953 1426 1103 1498 damnant,

103 1521 153 1599 qui
168 1528 336 1582 extraneam
351 1545 496 1603 quamque
510 1525 730 1599 damnaverunt,
745 1546 828 1584 suam
842 1525 1008 1598 ostendunt,
1024 1525 1103 1584 ideo-

103 1627 202 1698 quaet
217 1621 385 1682 defendunt.
417 1633 420 1640 '

457 1799 591 1858 CAPUT
612 1799 748 1860 XXXVI.

144 1947 213 2006 Aen
229 1947 288 2007 iam
302 1948 354 2025 qui
367 1949 447 2008 voles
461 1949 660 2010 curiositatem
674 1950 776 2010 melius
790 1972 925 2012 exercere
939 1951 971 2010 in
985 1952 1103 2030 negotio

103 2046 207 2105 salutis
225 2052 303 2118 tuae,
323 2067 461 2124 percurre
480 2049 614 2108 ecclesias
632 2050 813 2127 apostolicas,
831 2050 910 2129 apud
929 2071 1001 2127 quas
1023 2051 1148 2128 ipsae15

103 2146 199 2205 adhuc
224 2145 379 2206 cathedrae
402 2146 595 2224 apostolorum
625 2148 685 2207 suis
712 2149 783 2208 locis
810 2149 994 2227 praesident;
1025 2150 1104 2226 apud

104 2266 175 2323 quas
192 2241 297 2327 [ipsae]
318 2245 506 2305 authenticae
529 2246 643 2305 litterae
660 2267 759 2306 eorum
780 2249 949 2321 recitantur,
970 2254 1105 2307 sonantes

137 2422 220 2470 Cnsr.
233 2421 407 2482 XXXX—3.
427 2423 624 2479 disciplinam:
640 2437 681 2470 see
692 2425 758 2482 note,
771 2421 811 2470 ch.
824 2421 846 2470 6.

138 2501 219 2549 ΟΗΔΡ.
233 2499 437 2562 XXXVI.-14.
456 2503 517 2557 Age
537 2502 601 2549 iam.
637 2499 691 2548 The
707 2506 840 2564 argument
855 2500 883 2548 of
900 2499 951 2549 this
968 2500 1072 2564 chapter
1082 2501 1104 2550 is

104 2594 120 2626 a
131 2579 238 2641 striking
249 2578 382 2626 rhetorical
394 2578 530 2640 expansior
541 2578 569 2627 of
578 2578 645 2626 Iren.
657 2578 693 2626 iii.
707 2593 729 2640 3.
742 2591 770 2638 1;
786 2594 824 2640 cp.
839 2580 897 2628 adv.
910 2578 992 2628 Maro.
1008 2580 1041 2628 iv.
1057 2594 1079 2643 5.

139 2672 176 2720 15.
194 2661 271 2714 ipsae
283 2661 375 2707 adhuc
386 2659 544 2706 cathedrae.
579 2657 663 2721 Gomp.
676 2657 719 2706 the
731 2657 820 2719 legend
832 2657 859 2705 in
871 2658 961 2706 Euseb.
971 2658 1006 2708 H.
1016 2659 1046 2708 Ε.
1059 2658 1103 2708 vii.

107 2748 137 2799 19
160 2736 188 2784 of
206 2737 250 2784 the
273 2735 443 2799 preservation
465 2735 492 2783 in
514 2735 554 2783 his
575 2734 625 2800 day
647 2735 676 2784 of
696 2735 740 2785 the
762 2733 844 2797 θρόνος
866 2736 894 2785 oi
916 2735 940 2786 S.
965 2737 1055 2786 dames
1077 2743 1105 2786 at

104 2815 244 2865 Jerusalem
254 2829 260 2872 3
277 2814 324 2862 but
335 2829 376 2862 see
387 2818 446 2862 note
458 2812 547 2862 below.

126 2893 177 2942 ,16.
196 2895 255 2941 suis
271 2895 343 2942 locis
358 2894 529 2950 praesident,
549 2891 628 2941 ‘have
646 2891 803 2955 jurisdiction
819 2908 880 2940 over
897 2893 966 2942 their
982 2909 1038 2942 own
1055 2893 1105 2942 dir·

104 2970 208 3030 tricts’3
225 2987 265 3019 see
278 2969 418 3033 Lightfoot,
430 2970 555 3034 locutios,
567 2971 593 3019 ii.
608 2983 662 3034 190.

140 3061 177 3114 17.
198 3048 312 3111 [ipsae]:
330 3047 443 3108 omitted,
456 3047 562 3112 perhaps
573 3048 677 3112 rightly,
688 3048 723 3112 by
734 3048 806 3097 Leia.

171 3130 349 3177 authenticae
377 3129 500 3185 litterae,
531 3126 677 3175 ‘authentia
706 3125 825 3190 epistles,’
848 3125 893 3175 the
915 3127 1036 3177 chnrches
1059 3128 1104 3177 im·

104 3206 241 3269 mediately
262 3204 354 3253 named
376 3204 452 3268 being
474 3204 599 3268 examples
622 3205 650 3254 of
669 3203 741 3254 those
763 3209 790 3253 to
810 3203 893 3253 which
915 3205 1016 3269 epistles
1039 3221 1105 3254 were

104 3285 245 3334 addressed.
298 3283 439 3331 Tertullian
461 3298 517 3331 uses
542 3281 733 3332 ‘authenticus'
754 3283 782 3330 in
806 3282 851 3332 the
873 3299 944 3332 sense
966 3283 1053 3332 rather
1079 3283 1108 3332 of

106 3359 248 3426 ‘genuina'
261 3365 268 3388 ‘
279 3359 351 3422 true,’
363 3361 428 3410 than
443 3361 470 3408 of
483 3360 605 3424 ‘original
616 3358 635 3421 '3
653 3361 704 3410 and
719 3361 778 3410 here
795 3361 838 3410 the
850 3367 960 3411 contrast
971 3363 993 3410 is
1003 3361 1106 3425 implied

104 3443 219 3492 between
234 3441 278 3490 the
295 3445 351 3488 true
367 3444 423 3488 text
440 3439 572 3502 preserved
589 3439 623 3503 by
634 3439 678 3488 the
694 3439 825 3503 Apostolic
843 3439 977 3500 Ohurches,
995 3440 1045 3488 and
1062 3440 1106 3488 the

104 3519 239 3568 mutilated
251 3535 280 3568 or
294 3522 395 3581 corrupt
410 3518 493 3581 copies
506 3518 568 3567 used
584 3517 673 3582 hythe
684 3517 799 3568 heretice.
834 3519 884 3568 For
895 3517 938 3566 the
953 3518 1071 3582 meaning
1081 3517 1109 3566 os

104 3599 266 3648 authenticos
278 3612 318 3645 see
330 3597 386 3646 adv.
400 3596 482 3645 Marc.
491 3596 525 3645 iv.
536 3609 566 3660 35
581 3597 588 3624 ⁴
599 3595 737 3660 [Christus]
749 3601 804 3646 erat
815 3596 975 3646 authenticus
987 3595 1105 3645 Pontifex

105 3677 154 3726 Dei
173 3672 274 3724 Patris'
282 3691 288 3734 ;
308 3675 365 3723 adv.
386 3674 444 3724 Vol.
465 3689 482 3737 4
501 3675 546 3722 ‘de
565 3674 669 3724 ecclesia
688 3674 849 3724 authenticae
866 3674 968 3738 regulae
986 3670 1104 3736 abrupit!

105 3757 139 3805 So
155 3760 197 3803 too
214 3752 320 3816 perhaps
336 3753 368 3802 de
380 3767 476 3814 money.
497 3767 524 3801 11
547 3751 675 3801 ‘Sciamus
695 3753 769 3817 plane
786 3768 837 3801 non
853 3752 889 3801 sio
905 3754 1003 3801 esseio
1016 3751 1105 3802 Graeoo

106 3832 252 3885 authentico
271 3829 395 3895 quomodo
411 3830 438 3879 in
454 3846 528 3880 usum
547 3829 624 3890 exiit,'
642 3830 726 3879 where
746 3831 790 3880 the
807 3829 929 3879 italicized
946 3829 1027 3879 words
1045 3845 1106 3895 may

597 3931 617 3973 G
