2724 4356
169 272 229 319 cn».
246 264 356 330 xnus]
379 256 419 321 de
434 257 695 340 Praescriptione
716 256 976 323 Haereticcrum.
1130 258 1169 321 61

167 428 264 507 piunt,
273 449 326 488 nec
341 427 487 507 Spiritum
504 425 672 510 [Sanctum]
688 435 813 506 possunt
826 450 982 509 agnoscere
993 428 1172 489 discentibus

168 527 289 587 missum
303 529 354 588 sed
368 548 421 587 neo
436 527 589 587 ecclesiam
602 547 633 586 se
644 527 807 600 defendere,
820 530 872 607 qui
887 529 1003 607 quando
1017 534 1047 587 et
1062 528 1171 605 quibus

167 626 353 687 incunabulis
374 627 545 686 institutum
566 631 609 685 est
627 626 681 684 hoc
701 645 806 703 corpus
827 627 952 706 probare
972 647 1031 685 non
1051 626 1170 686 habent.

168 725 258 785 Tanti
279 731 325 785 est
348 725 428 786 enim
448 725 510 786 illis
535 745 595 784 non
621 725 729 786 hahere
757 727 944 805 probationes
971 746 1071 784 eorum
1095 744 1170 802 quae

167 824 336 895 defendunt,
350 845 387 885 ne
407 824 520 903 pariter
539 822 738 885 admittantur
755 825 955 903 traductiones
973 844 1074 884 eorum
1095 842 1198 902 quae5

165 922 313 984 mentiunt
352 969 359 982 .

532 1157 664 1219 CAPUT
684 1158 802 1219 XXIII.

206 1317 396 1376 Psorommr
418 1334 488 1392 ergo
509 1315 547 1374 ad
571 1315 786 1393 suggillandam
813 1315 1014 1394 ignorantiam
1038 1316 1169 1395 aliquam

164 1417 371 1494 apostolorum,
397 1414 475 1491 quod
499 1414 604 1473 Petrus
625 1421 657 1473 et
680 1415 732 1493 qui
755 1437 821 1474 curn
849 1435 883 1475 eo
908 1414 1078 1493 reprehensi
1099 1421 1168 1474 sunt

164 1535 183 1573 a
196 1515 295 1573 Paulo.
338 1512 428 1585 Adeo,
443 1512 592 1589 inquiunt,
607 1513 719 1592 aliquid
736 1515 777 1573 eis
791 1513 894 1586 defuit,
909 1520 944 1572 ut
958 1534 995 1572 ex
1008 1513 1063 1573 hoc
1077 1514 1166 1573 etiam

163 1612 238 1672 illud
266 1617 391 1683 struant,
416 1610 545 1689 potuisse
573 1618 674 1690 postea
700 1612 861 1689 pleniorem
887 1610 1039 1672 scientiam
1063 1633 1166 1691 super·
1183 1629 1213 1665 ro

163 1710 273 1783 venire,
288 1711 383 1789 qualis
397 1710 549 1768 obvenerit
562 1709 656 1770 Paulo
672 1710 898 1788 reprehendenti
910 1715 1116 1772 antecessores.

204 1806 325 1864 Possum
335 1812 365 1864 et
373 1805 421 1863 hic
429 1803 506 1864 Acta
513 1804 711 1882 apostolorum
721 1805 947 1884 repudiantibus
955 1805 1064 1866 dicere:
1080 1806 1167 1866 Prius

162 1911 208 1964 est
228 1909 265 1963 ut
284 1903 446 1963 ostendatis
467 1903 533 1979 quis
554 1903 611 1963 iste
631 1903 748 1979 Paulus,
764 1909 796 1963 et
816 1903 889 1982 quid
905 1909 974 1964 ante
992 1904 1164 1980 apostolum,

162 2008 194 2062 et
215 2001 360 2079 quomodo
388 2002 554 2078 apostolus:
583 2009 729 2080 quatenus
756 2008 787 2062 et
813 2002 887 2062 alias
913 2003 952 2061 ed
979 2002 1166 2080 quaestiones

161 2101 324 2179 plurimum
337 2121 371 2160 eo
384 2106 520 2161 utuntur.
562 2100 668 2179 Neque
682 2101 768 2174 enim,
784 2102 810 2160 si
823 2101 886 2180 ipse
900 2122 931 2160 se
950 2101 1113 2179 apostolum
1127 2103 1163 2162 de
1180 2121 1209 2172 15

196 2318 218 2352 1.
235 2317 288 2353 nec
307 2305 454 2361 Spiritum,
466 2303 511 2354 dc.
544 2302 578 2351 So
588 2302 686 2366 Aqola:
702 2320 749 2352 nec
760 2303 869 2368 Spiritus
879 2302 967 2353 Sancti
982 2319 1036 2354 esse
1048 2309 1161 2368 possunt,

160 2383 205 2446 qui
216 2381 323 2430 necdum
334 2381 456 2445 Spiritum
467 2382 588 2431 Sanctum
598 2381 694 2446 possint
709 2384 803 2446 Gany„
815 2382 883 2447 1359,
893 2382 970 2434 salv.
988 2384 1047 2434 Urs.

226 2461 418 2508 discentibus:
435 2475 475 2508 see
487 2464 555 2520 note,
566 2459 606 2508 ch.
619 2472 642 2520 3.

195 2553 216 2587 2.
234 2552 264 2586 se
282 2539 443 2586 defendere.
487 2537 520 2586 So
543 2537 631 2601 Aqoh,
648 2537 741 2588 Laid:
769 2554 796 2588 se
811 2538 898 2589 dicant
920 2538 1054 2588 defendere
1071 2539 1161 2603 Rhea,

161 2615 250 2681 Gany„
263 2615 323 2672 cel„
334 2615 418 2674 Pam„
434 2615 504 2666 oetl.

193 2710 216 2757 4.
233 2709 293 2743 non
303 2698 408 2744 habere
418 2697 610 2758 probationes,
626 2697 669 2743 ‘to
680 2695 712 2744 bc
721 2695 853 2760 incapable
867 2696 896 2745 ot
908 2695 1048 2761 producing
1062 2695 1161 2760 procis)

158 2772 221 2820 This
231 2773 261 2828 is,
274 2772 289 2820 I
300 2772 385 2832 think,
396 2773 440 2821 the
456 2773 521 2822 force
537 2773 566 2822 of
579 2772 670 2824 habere
687 2773 715 2822 in
731 2774 783 2824 this
798 2774 850 2824 and
864 2774 908 2824 tho
923 2774 1096 2840 immediately
1106 2791 1161 2840 pre-

158 2851 248 2914 ceding
259 2855 389 2901 sentence:
407 2867 448 2900 see
458 2856 526 2912 note,
537 2851 576 2903 ch.
590 2851 628 2902 18.

192 2944 215 2994 5.
231 2932 441 2979 traductiones:
461 2946 503 2979 see
513 2936 582 2991 note,
593 2930 632 2979 ch.
645 2943 684 2992 33.

191 3009 272 3058 Onus.
286 3008 454 3073 xxm-7.
471 3011 694 3068 suggillandam:
712 3025 754 3060 see
763 3016 832 3072 note,
843 3010 883 3061 ch.
895 3011 918 3061 8.

191 3086 214 3135 8.
232 3089 309 3143 quod
324 3089 427 3135 Petrus
508 3102 525 3138 a
542 3090 641 3141 Paulo.
684 3087 793 3138 Pauline
809 3089 950 3152 opposition
969 3094 997 3140 tc
1013 3089 1090 3139 Peter
1107 3105 1160 3139 was

157 3179 173 3213 a
183 3163 367 3213 characteristic
378 3164 530 3214 Marcionita
540 3170 612 3216 tenet
621 3183 629 3228 ;
645 3166 708 3217 with
719 3167 763 3216 the
774 3166 854 3216 whole
866 3167 894 3217 of
902 3168 955 3217 this
966 3168 1070 3233 chapter
1080 3183 1158 3231 comp.

157 3243 216 3292 cdo.
227 3242 309 3292 Marc.
319 3242 352 3292 ir.
367 3257 389 3293 2.
402 3256 425 3304 3.

247 3324 420 3377 reprehensi.
452 3321 510 3372 Gal.
522 3322 549 3373 ii.
563 3335 591 3370 11
605 3322 632 3371 ff.

192 3411 230 3447 10.
247 3401 329 3448 iliud.
362 3398 436 3448 ‘that
447 3399 520 3448 other
530 3401 675 3450 contentiori
687 3400 714 3450 oi
722 3399 818 3452 meus!

246 3479 438 3534 supervenire,
449 3492 482 3528 sc.
496 3478 664 3542 ‘Apostolos’

192 3568 229 3603 11.
247 3559 447 3614 antecessores,
459 3558 467 3582 ‘
475 3555 644 3620 predecessore
654 3557 682 3608 in
692 3558 737 3608 the
747 3556 927 3622 Aposslahip!

191 3646 230 3698 15.
246 3635 401 3690 plurimum
415 3649 449 3684 eo
462 3640 591 3686 utuntur.
626 3637 666 3686 On
685 3636 730 3686 the
752 3637 904 3688 Marcionita
920 3636 972 3687 and
990 3635 1156 3688 Valentinian

156 3727 200 3762 use
211 3711 240 3759 of
246 3711 272 3762 S.
284 3710 370 3763 Paul‘s
381 3712 496 3780 writings
507 3729 549 3764 see
559 3715 628 3767 Iron.
639 3714 675 3766 iii.
689 3728 719 3779 13
731 3715 749 3769 f.

244 3791 305 3848 ipse
317 3804 346 3840 se
357 3794 524 3849 apostolum.
559 3806 571 3841 1
586 3793 642 3843 cor.
653 3808 694 3843 xv.
706 3808 730 3859 9.
