2724 4356
139 276 199 325 cn.
215 266 262 334 1.]
341 258 381 324 de
403 259 661 344 Praescriptione
682 257 943 324 Haereticorum.
1094 266 1138 338 45

180 431 238 492 Sed
248 429 280 489 in
291 429 395 510 primis
405 429 461 491 hoc
470 448 618 508 propono:
632 449 726 490 unum
740 429 841 508 itaque
855 435 885 490 et
900 433 1013 489 certum
1026 426 1140 506 aliquid
1235 436 1238 440 '

137 529 310 590 institutum
331 549 394 589 esse
410 550 428 588 a
447 528 575 600 Christo,
590 530 668 606 quod
688 529 806 588 credere
827 528 992 588 omnimodo
1013 528 1140 588 debeant

137 629 278 703 nationes,
304 634 336 689 et
362 627 470 688 idcirco
498 635 703 707 quaererent
731 619 854 705 possint,
879 648 945 687 cum
971 626 1140 686 invenerint

138 728 264 789 credere.
306 727 405 786 Unius
429 747 516 805 porro
541 731 571 786 01
593 727 669 787 certi
692 725 826 786 instituti
844 725 963 786 infinita
984 724 1139 804 inquisitio

137 843 196 882 non
217 827 409 900 potestesse:
432 823 629 899 quaerendum
643 825 688 880 est
702 821 792 881 donec
813 821 955 894 invenias,
971 828 1000 881 et
1021 821 1166 881 creden-5

137 921 208 980 dum
222 921 274 980 ubi
288 920 451 994 inveneris;
474 924 503 979 et
517 920 592 980 nihil
606 920 741 998 amplius,
753 919 811 978 nisi
824 919 1047 980 custodiendum
1061 917 1141 995 quod

137 1019 297 1092 credidisti,
310 1018 379 1078 dum
394 1018 449 1078 hoc
463 1018 585 1096 insuper
598 1019 706 1091 credas,
719 1018 803 1079 aliud
813 1039 871 1078 non
882 1039 943 1078 esse
954 1018 1140 1088 credendum,

137 1119 261 1197 ideoque
289 1137 342 1177 nec
367 1117 585 1196 requirendum,
608 1137 676 1177 cum
700 1117 731 1175 id
752 1116 901 1177 inveneris
920 1122 951 1177 et
972 1116 1139 1188 credideris,
1185 1104 1187 1109 ⁵

138 1218 216 1295 quod
229 1217 266 1276 ab
280 1237 314 1276 eo
327 1215 500 1276 institutum
515 1222 568 1286 est,
584 1217 636 1294 qui
650 1236 710 1275 non
724 1215 806 1275 aliud
825 1215 883 1276 tibi
900 1216 1022 1276 mandat
1042 1213 1139 1292 inqui·

137 1316 271 1388 rendum,
286 1334 376 1393 quem
391 1314 470 1393 quod
483 1314 625 1375 instituit.
1154 1329 1186 1366 10
1202 1316 1208 1328 '

178 1416 223 1474 De
237 1414 291 1474 hoc
306 1413 423 1492 quidem
445 1413 471 1474 si
492 1414 560 1491 quis
579 1413 710 1485 dubitat,
725 1414 872 1474 constabit
893 1433 982 1491 penes
1002 1434 1056 1473 nos
1077 1432 1140 1474 esse

137 1511 177 1584 id,
205 1513 282 1589 quod
310 1534 328 1573 a
356 1512 475 1573 Christo
502 1512 674 1572 institutum
702 1519 756 1572 est.
810 1512 938 1572 Interim
966 1534 1003 1572 ex
1033 1512 1141 1572 fiducia

138 1606 318 1686 probationis
340 1608 496 1685 praevenio
518 1608 675 1667 admonens
697 1607 846 1684 quosdam,
866 1607 942 1666 nihil
966 1626 1027 1666 esse
1052 1627 1141 1685 quae·

138 1706 261 1765 rendum
276 1707 442 1784 ultraquae
457 1706 644 1767 crediderunt
657 1705 690 1764 id
708 1725 771 1766 esse
788 1707 866 1785 quod
882 1727 1019 1784 quaerere
1033 1706 1141 1766 debue-

137 1811 228 1864 runt:
259 1825 304 1876 ne,
333 1804 474 1879 Quaerite
501 1810 532 1865 et
559 1803 727 1899 invenietis,
751 1803 814 1864 sine
836 1804 993 1883 disciplina
1017 1804 1141 1864 rationis
1156 1821 1185 1872 15

138 1903 380 1982 interpretentur.

540 2064 676 2126 CAPUT
698 2064 734 2124 X.

178 2197 280 2258 Rsrro
294 2204 392 2259 autem
403 2197 476 2258 dicti
484 2197 572 2257 huius
581 2198 615 2257 in
625 2198 722 2257 tribus
737 2196 870 2256 articulis
884 2196 1033 2256 constitit:
1055 2196 1087 2254 in
1101 2217 1141 2267 re,

137 2296 169 2355 in
189 2303 326 2376 tempore,
346 2296 378 2356 in
398 2297 492 2357 modo.
534 2297 570 2355 In
589 2317 630 2370 re,
646 2302 679 2355 ut
699 2295 771 2373 quid
793 2295 832 2354 sit
853 2295 1051 2372 quaerendum
1072 2315 1142 2355 con-

139 2395 265 2457 sideres:
299 2396 333 2455 in
357 2404 496 2475 tempore,
519 2401 553 2455 ut
578 2396 711 2473 quando:
746 2393 778 2453 in
802 2395 897 2464 modo,
921 2400 956 2454 ut
980 2414 1142 2473 quousque.

138 2494 239 2572 Igitur
252 2495 449 2572 quaerendum
464 2499 508 2554 est
523 2493 602 2571 quod
616 2493 754 2554 Christus
767 2492 910 2565 instituit,
923 2491 1029 2571 utique
1040 2513 1141 2571 quarn·
1156 2521 1188 2556 οο

138 2594 190 2653 diu
200 2615 258 2653 non
272 2593 396 2666 invenis,
407 2592 511 2671 utique
526 2593 616 2652 donec
630 2590 772 2652 invenias.
814 2591 958 2651 Invenisti
967 2598 1064 2652 autem
1076 2613 1142 2650 cum

138 2691 298 2753 credidisti.
340 2692 418 2751 Nam
443 2712 502 2751 non
525 2691 704 2764 credidisses,
731 2690 756 2750 si
780 2711 840 2750 non
864 2690 1042 2765 invenisses;
1065 2690 1143 2751 sicut

138 2812 190 2852 nec
210 2791 379 2869 quaesisses,
394 2790 453 2850 nisi
473 2796 508 2850 ut
524 2788 680 2850 invenires.
723 2789 773 2848 Ad
792 2790 845 2849 hoc
860 2809 928 2867 ergo
943 2810 1094 2868 quaerens,
1109 2795 1145 2850 ut

138 2889 280 2962 invenias,
292 2895 322 2950 et
333 2890 371 2950 ad
379 2890 433 2949 hoc
445 2888 598 2949 inveniens
609 2893 644 2948 ut
658 2889 767 2948 credas.
811 2888 935 2948 Omnem
949 2889 1144 2966 prolationem

138 2990 298 3067 quaerendi
313 2995 343 3049 et
356 2988 528 3048 inveniendi
542 2987 686 3047 credendo
701 2986 803 3046 fixisti.
846 2988 936 3048 Hunc
950 2988 1008 3048 tibi
1023 2989 1144 3047 modum
1158 3013 1169 3048 2
1174 3014 1188 3063 5

27 3165 32 3171 ι
139 3087 248 3147 statuit
267 3089 384 3147 fructus
404 3086 468 3164 ipse
487 3085 656 3164 quaerendi.
697 3083 784 3144 Hanc
802 3085 859 3145 tibi
877 3087 984 3146 fossam
1004 3086 1143 3146 determi-

172 3223 196 3272 4.
214 3224 306 3266 porro.
340 3209 405 3259 Like
422 3205 528 3273 atquin?
542 3207 672 3268 ‘atenim'
687 3204 756 3255 ἀλλὰ
772 3204 830 3271 γάρ,
847 3207 912 3258 ‘but
931 3206 1046 3275 surely’:
1064 3224 1143 3272 comp.

140 3285 307 3352 *1110190230
322 3297 418 3352 250371
436 3288 472 3336 “d
484 3289 537 3336 nat·
549 3286 566 3336 l·
581 3300 604 3347 ²2
617 3300 676 3350 324»
691 3287 722 3343 81
740 3286 767 3336 ll·
780 3300 804 3347 ²7
817 3299 840 3349 30
853 3301 877 3350 40
890 3300 912 3351 5·

175 3380 214 3416 12.
233 3369 361 3416 Interim.
396 3366 443 3416 See
454 3369 521 3427 note,
534 3365 573 3414 ch.
588 3380 626 3414 οο.

176 3460 214 3510 15.
232 3448 293 3494 sine
311 3447 464 3502 disciplina
483 3446 614 3505 rationis,
633 3443 757 3493 ‘without
775 3443 849 3493 strict
867 3441 958 3508 regard
978 3448 1005 3492 10
1024 3442 1069 3492 the
1091 3442 1145 3490 real

140 3529 246 3589 purport
257 3522 285 3572 of
294 3523 339 3573 the
350 3522 510 3587 injunction'

174 3602 380 3666 cnam-17.
398 3603 534 3650 articulis.
569 3600 616 3650 See
627 3604 696 3661 note,
708 3600 748 3651 ch.
761 3600 784 3650 8.

177 3682 216 3732 06.
232 3683 345 3736 fossam.
360 3676 507 3740 ‘terminus
523 3677 607 3728 limit‘
640 3679 667 3727 A
682 3679 763 3743 figure
781 3678 810 3727 01
827 3677 918 3742 speech
935 3675 1066 3727 horrowed
1080 3674 1145 3723 from

143 3759 291 3824 camp-life:
315 3758 389 3820 sorec
408 3774 520 3808 answers
538 3762 565 3808 to
583 3759 628 3808 the
645 3757 740 3809 uallum
758 3756 858 3822 beyond
877 3755 960 3806 which
979 3755 1025 3805 the
1041 3753 1146 3805 soldiers

144 3853 210 3887 were
221 3843 267 3886 not
278 3836 386 3886 allowed
397 3840 424 3887 to
435 3851 500 3902 pass.
