2724 4356
223 259 266 339 64
631 255 830 323 Tertulliani
1056 265 1226 330 [caxxu

224 437 277 490 aut
299 430 408 490 Paulus
430 430 534 491 secreti
557 409 668 507 proditi
688 450 755 488 reus
777 432 831 501 est,
849 431 906 488 aut'
923 433 954 488 et
975 426 1053 488 alius
1073 435 1174 506 postea
1195 427 1227 486 in

222 530 393 608 paradisum
413 536 530 608 ereptus
551 529 639 588 debet
659 528 780 602 ostendi,
795 527 842 587 oui
862 527 1037 607 permissum
1057 528 1098 588 sit
1118 528 1226 606 eloqui,

224 649 299 708 quae
313 629 403 688 Paulo
416 628 525 688 mutire
538 649 597 688 non
610 627 703 687 licuit.

603 855 737 916 CAPUT
757 857 849 917 XXV.
951 905 954 909 .

267 1005 339 1078 Suu,
363 1012 397 1065 ut
421 1004 558 1076 diximus,
581 1005 683 1064 eadem
707 1005 855 1066 dementia
879 1010 932 1081 est,
957 1026 1024 1066 cum
1049 1005 1228 1066 confitentur

197 1127 211 1176 5
226 1104 344 1183 quidem
363 1104 438 1163 nihil
457 1104 604 1182 apostolos
620 1103 777 1181 ignorasse,
793 1126 846 1165 nec
864 1105 980 1164 diversa
996 1106 1075 1166 inter
1095 1125 1127 1166 se
1143 1126 1233 1184 prae·-

226 1203 344 1274 dicasse,
370 1208 547 1262 nontamen
570 1202 667 1262 omnia
692 1203 796 1262 volunt
820 1203 887 1262 illos
912 1204 1046 1262 omnibus
1074 1205 1227 1276 revelasse,

226 1303 368 1379 quaedam
382 1301 459 1360 enim
473 1302 570 1378 palam
584 1306 614 1359 et
629 1300 782 1374 universis,
798 1302 940 1380 quaedam
958 1307 1068 1362 secreto
1082 1307 1112 1362 et
1126 1303 1228 1380 paucis

225 1401 421 1474 demandasse,
433 1400 503 1477 quia
517 1405 548 1459 et
558 1398 612 1459 hoc
623 1401 712 1459 verbo
722 1421 792 1459 usus
803 1407 847 1460 est
858 1401 966 1460 Paulus
974 1402 1012 1460 ad
1022 1401 1208 1461 Timotheum
1219 1423 1225 1461 :

227 1499 254 1559 O
269 1499 426 1571 Timotheo,
442 1498 606 1577 depositum
623 1499 756 1572 custodi;
778 1504 808 1558 et
827 1519 962 1558 rursum:
984 1500 1099 1558 Bonum
1113 1499 1228 1578 deposi-

183 1617 214 1653 10
227 1605 291 1659 tum
305 1619 396 1659 serva.
439 1597 526 1672 Quod
536 1597 590 1656 hoc
605 1597 769 1675 depositum
779 1605 824 1657 est
838 1604 899 1657 tam
912 1597 1046 1671 tacitum,
1057 1603 1092 1658 ut
1104 1599 1228 1659 alterius

226 1696 377 1756 doctrinae
394 1697 572 1774 deputetur?
615 1695 664 1754 An
683 1696 764 1755 illius
782 1696 1022 1767 denuntiationis,
1038 1697 1073 1756 de
1092 1718 1152 1776 qua
1167 1697 1227 1757 ait:

227 1796 314 1855 Hanc
333 1795 586 1853 denuntiationem
605 1795 773 1854 commendo
792 1795 870 1873 apud
890 1802 928 1868 te,
943 1794 1032 1855 filiole
1050 1795 1228 1856 Timotheel

226 1893 305 1954 Item
323 1893 403 1952 illius
418 1892 575 1971 praecepti,
590 1894 626 1952 de
643 1913 701 1969 quo
718 1893 779 1953 ait:
803 1893 954 1953 Denuntio
967 1893 1024 1953 tibi
1038 1882 1106 1953 ante
1120 1894 1227 1966 Deum,

227 1993 278 2070 qui
293 1992 424 2052 vivificat
438 1990 544 2063 omnia,
559 1996 589 2051 et
604 1991 700 2050 iesum
720 1991 881 2065 Christum,
897 1992 948 2070 qui
967 1997 1091 2052 testatus
1110 2000 1155 2053 est
1174 1994 1228 2053 sub

185 2107 213 2156 15
228 2092 331 2151 Pontio
354 2091 450 2150 Pilato
476 2090 583 2149 bonam
605 2090 824 2163 confessionem,
847 2090 994 2151 custodias
1017 2095 1228 2170 praeceptum?

227 2190 313 2265 Quod
333 2197 434 2250 autem
457 2193 651 2267 praecaptum,
666 2194 697 2250 et
721 2209 796 2268 quae
820 2190 1026 2250 denuntiatio?
1066 2191 1114 2249 Ex
1138 2211 1229 2268 supra

227 2295 257 2348 et
271 2288 478 2366 infrascriptis
493 2288 682 2365 intellegetur
701 2309 760 2347 non
779 2289 875 2348 nescio
892 2289 964 2367 quid
986 2289 1157 2349 subostendi
1173 2290 1228 2350 hoc

226 2388 305 2449 dicto
327 2389 363 2448 de
388 2388 543 2447 remotiore
566 2386 708 2461 doctrina,
732 2388 783 2447 sed
809 2387 909 2464 potius
937 2387 1079 2447 inculcari
1106 2390 1142 2448 de
1170 2409 1229 2448 non

227 2487 411 2548 admittenda
425 2486 483 2546 alia
498 2491 613 2564 praeter
627 2507 691 2546 eam
706 2507 795 2564 quam
813 2487 946 2547 audierat
965 2487 1002 2546 ab
1018 2487 1090 2565 ipso,
1106 2493 1137 2547 et
1155 2494 1228 2566 puto

183 2614 214 2650 20
227 2585 344 2664 palam:
367 2585 473 2645 Coram
487 2585 600 2658 multis,
614 2584 722 2664 inquit,
736 2585 871 2645 testibus.
913 2585 994 2660 Quos
1007 2586 1116 2646 multos
1128 2589 1226 2661 testes,

261 2783 342 2833 Onsr.
354 2783 503 2847 XXV.—4.
519 2790 552 2834 ut
564 2786 697 2834 diximus.
732 2783 811 2848 Ohap.
826 2797 865 2832 22.

260 2860 284 2910 6.
301 2866 420 2912 volunt:
438 2877 517 2926 comp.
529 2862 596 2913 Iren
605 2861 678 2924 iii4.
692 2874 703 2909 1
718 2860 735 2912 f.
749 2861 978 2920 ‘Quemadmodum
994 2861 1021 2910 hi
1038 2863 1082 2927 qui
1098 2879 1229 2928 nunquam

227 2940 309 2989 Paulo
321 2940 433 2989 adiuncti
445 2940 556 3000 luerunt,
568 2940 709 3005 gloriantur
720 2940 867 2990 abscondita
882 2945 908 2990 et
922 2941 1101 2991 inenarrabilia
1113 2942 1229 2992 didicisse

227 3019 402 3068 sacramenta?
434 3017 558 3077 Quoniam
573 3022 658 3067 autem
674 3018 770 3067 Paulus
783 3018 931 3084 simpliciter
944 3035 1010 3084 quae
1021 3020 1114 3070 sciebat
1129 3020 1191 3071 haec
1202 3027 1229 3072 et

227 3096 322 3158 docuit,
339 3113 389 3145 non
408 3096 490 3145 solum
507 3112 548 3146 eos
564 3098 682 3161 quicum
698 3113 728 3146 eo
741 3101 822 3160 erant,
839 3112 928 3147 verum
944 3113 1031 3148 omnes
1046 3099 1179 3149 audientes
1194 3116 1229 3160 se,

227 3175 282 3239 ipse
293 3174 353 3224 fecit
363 3173 540 3224 manifestum)

261 3255 284 3302 8.
302 3255 457 3302 Paulusud
470 3257 657 3305 Timotheum
692 3253 829 3304 1Tim.vi.
842 3266 881 3303 20.

261 3346 285 3395 9.
303 3337 331 3381 et
342 3346 463 3381 rursum.
498 3333 669 3396 aTim.i.14.

264 3423 301 3459 12.
320 3413 403 3460 Hane
416 3413 669 3460 denuntiationem.
705 3424 716 3459 1
729 3411 794 3461 Tim
807 3413 823 3461 i.
836 3412 875 3463 18.

263 3500 302 3550 13.
319 3491 466 3537 Denuntio
477 3491 540 3538 tibi.
577 3503 588 3537 1
601 3489 664 3539 Tim.
676 3490 710 3540 vi.
724 3504 753 3551 13
764 3489 782 3538 f.

264 3575 301 3629 17.
318 3568 492 3617 subostendi
527 3567 589 3617 This
608 3568 782 3619 non-classical
802 3568 871 3618 word
892 3568 914 3618 is
932 3566 993 3617 used
1011 3567 1088 3633 again
1107 3568 1135 3618 of
1149 3574 1230 3619 secret

227 3644 296 3694 hints
312 3660 341 3692 or
357 3644 465 3695 indirect
475 3645 592 3708 allusion,
603 3647 661 3696 udo.
674 3646 759 3697 Marc.
770 3646 804 3698 iv.
818 3648 865 3711 38;
883 3649 940 3697 adu.
950 3645 1008 3698 Vas.
1024 3660 1050 3704 1;
1068 3647 1125 3698 ado.
1138 3647 1229 3699 Herm.

229 3733 278 3786 37;
295 3722 326 3771 de
337 3724 416 3773 anim.
430 3737 478 3781 12;
495 3725 525 3772 dc
536 3723 604 3789 bapt.
618 3738 655 3788 19.

262 3814 301 3851 20.
319 3804 420 3851 coram
431 3805 537 3853 multis.
572 3802 662 3852 arim.
674 3800 700 3854 ii.
714 3815 737 3854 π.
