2724 4356
229 272 272 335 60
634 269 833 337 Tertulliani
1057 277 1131 344 [cu.
1146 281 1229 329 xx11.

229 447 424 516 consecutum,
447 447 477 500 et
500 440 630 501 solvendi
652 446 682 500 et
705 439 847 517 alligandi
868 439 902 498 in
923 439 1012 499 caelis
1033 447 1064 499 et
1086 438 1119 498 in
1142 439 1231 499 terris

228 543 424 619 potestatemt
466 540 570 600 Latuit
589 545 620 599 et
639 539 778 598 Ioannem
799 538 920 616 aliquid,
935 538 1156 599 dilectissimum
1172 538 1231 597 Do·

228 639 317 712 mino,
342 639 453 717 pectori
481 639 544 698 eius
571 639 766 709 incubantem,
795 638 842 696 cui
871 637 924 696 soli
951 637 1097 698 Dominus
1124 638 1231 697 Iudam

227 738 402 798 traditorem
429 737 683 816 praemonstravit,
711 756 799 813 quem
825 736 888 795 loco
915 756 969 796 suo
996 736 1091 795 filiurn
1119 735 1231 795 Mariae

200 858 214 908 5
229 837 432 896 demandavit'l
467 836 546 911 Quid
558 856 605 895 eos
615 835 763 912 ignorasse
774 835 878 907 voluit,
891 835 996 913 quibus
1006 835 1097 894 etiam
1107 834 1231 913 gloriam

229 955 312 994 suam
333 934 477 1007 exhibuit,
502 941 532 994 et
554 934 676 1010 Moysen
700 939 730 992 et
753 933 872 1006 Helian,
898 940 927 992 et
950 934 1071 1010 insuper
1093 934 1130 992 de
1151 934 1231 993 caelo

228 1033 327 1093 Patris
340 1035 460 1093 vocemt
482 1055 542 1092 non
559 1032 644 1110 quasi
662 1039 772 1092 ceteros
788 1032 955 1109 reprobans,
970 1031 1021 1091 sed
1040 1031 1179 1110 quoniam
1198 1032 1231 1090 in

225 1132 323 1192 tribus
336 1132 462 1192 testibus
477 1132 568 1191 stabit
582 1152 666 1191 omne
680 1131 808 1191 verbum.
851 1130 1069 1208 Ignoraverunt
1082 1131 1183 1208 itaque
1198 1136 1230 1190 et

228 1232 282 1304 illi,
309 1233 415 1308 quibus
442 1239 509 1309 post
532 1231 774 1290 resurrectionem
796 1251 910 1308 quoque
937 1230 969 1289 in
997 1230 1103 1290 itinere
1131 1251 1231 1291 omnes

184 1346 215 1382 10
229 1330 389 1407 scripturas
404 1330 561 1389 edisserere
576 1330 780 1407 dignatusest.

270 1427 397 1487 Dixerat
415 1429 501 1506 plane
515 1427 674 1505 aliquando
687 1449 694 1487 :
718 1426 814 1486 Multa
826 1427 919 1486 habeo
932 1425 1028 1486 adhuc
1041 1425 1126 1486 vobis
1138 1427 1229 1504 loqui,

229 1527 281 1587 sed
302 1547 361 1584 non
382 1526 504 1604 potestis
523 1525 609 1585 modo
631 1547 665 1585 ea
684 1525 845 1599 sustinere;
866 1531 964 1584 temen
982 1524 1131 1584 adiciens:
1156 1525 1231 1585 Cum

228 1625 343 1685 venerit
367 1624 418 1684 ille
444 1624 573 1701 Spiritus
593 1624 735 1695 veritatis,
757 1625 820 1702 ipse
841 1644 892 1684 vos
915 1624 1041 1684 deducet
1062 1623 1095 1682 in
1116 1644 1232 1682 omnem

228 1723 392 1782 veritatem.
435 1722 575 1781 Ostendit
589 1721 657 1781 illos
673 1722 750 1781 nihil
768 1723 924 1800 ignorasse,
940 1743 1011 1800 quos
1026 1742 1141 1781 omnem
1154 1722 1230 1781 veri-

185 1837 215 1887 15
230 1827 321 1881 tatem
345 1827 552 1880 consecuturos
577 1841 630 1899 per
654 1821 800 1898 Spiritum
821 1821 955 1881 veritatis
979 1821 1174 1898 promiserat3
1201 1827 1231 1880 et

229 1921 333 1998 utique
348 1920 483 1997 implevit
497 1920 711 1996 repromissum,
728 1919 921 1996 probantibus
935 1919 1021 1979 Actis
1035 1920 1231 1998 apostolorum

229 2020 397 2078 descensum
413 2018 542 2096 Spiritus
561 2017 671 2078 Sancti.
714 2019 809 2093 Quam
823 2018 999 2097 scripturam
1013 2018 1065 2096 qui
1079 2039 1138 2077 non
1157 2019 1230 2078 reci-

228 2234 315 2284 Iuboi.
333 2234 468 2299 interprete
484 2235 506 2283 it
522 2233 550 2282 of
563 2233 641 2282 Peter
655 2249 684 2282 as
701 2232 822 2282 intended
838 2237 865 2282 to
881 2232 979 2282 exhibit
995 2232 1040 2282 the
1056 2233 1130 2299 unity
1146 2232 1173 2282 of
1188 2234 1232 2282 the

229 2313 342 2368 Church;
361 2313 412 2361 and
430 2313 506 2377 again
522 2312 606 2377 Epist.
628 2324 659 2374 33
680 2313 715 2361 ud
736 2312 801 2377 lupa.
820 2311 1002 2376 illustratively
1018 2312 1046 2360 oi
1060 2312 1096 2360 all
1115 2312 1229 2377 bishops:

227 2391 378 2457 Augustius,
391 2390 469 2441 Serra.
484 2404 538 2455 295.
551 2404 573 2450 2,
589 2390 813 2456 representatively
823 2388 904 2439 nithe
915 2390 996 2439 whole
1007 2390 1116 2440 Ohurch.

263 2484 285 2532 3.
303 2473 413 2528 pectori
424 2472 485 2519 eius
495 2473 685 2520 incubantem.
721 2469 827 2519 S.John
837 2469 889 2519 xiii.
906 2483 943 2533 25.

261 2564 286 2612 4.
305 2551 396 2597 filium
408 2551 523 2597 Mariae.
560 2547 585 2596 S.
594 2547 665 2597 John
676 2548 726 2596 xix.
739 2545 777 2596 26.

263 2640 286 2690 5.
304 2630 423 2685 gloriam
440 2641 521 2675 snam
538 2628 676 2674 exhibuit.
711 2625 736 2676 S.
749 2626 827 2675 Matt.
838 2625 897 2676 xvii.
914 2640 925 2675 1
939 2627 983 2687 ff.;
999 2625 1023 2676 S.
1035 2626 1112 2675 Mark
1120 2626 1154 2676 ix.
1166 2640 1177 2675 1
1189 2627 1231 2684 ff.;

229 2704 256 2755 S.
268 2704 341 2753 Luke
352 2705 386 2753 ix.
400 2705 430 2752 28
442 2704 468 2751 ff.

265 2793 287 2847 7.
305 2786 337 2831 in
352 2785 445 2832 tribus
464 2783 594 2832 testibus.
629 2781 705 2830 Deut.
717 2781 769 2833 xix.
785 2795 830 2846 r5;
855 2783 881 2833 S.
898 2782 976 2833 Matt.
993 2782 1122 2845 xviii.16;
1149 2785 1231 2836 acor.

229 2876 281 2909 xm.
296 2875 316 2909 1.

262 2953 286 3002 9.
305 2941 337 2986 in
348 2940 458 2986 itinere.
493 2937 518 2986 S.
531 2936 604 2985 Luke
614 2936 682 2987 xxiv.
696 2948 734 3002 27.

265 3028 303 3066 11.
321 3019 439 3064 Dixerat
449 3018 542 3073 plane.
575 3015 601 3066 S.
612 3016 683 3065 John
694 3016 746 3065 xvi.
759 3028 798 3078 13.

266 3107 306 3158 14.
324 3097 457 3143 Ostendit
468 3096 544 3155 illos,
555 3093 599 3143 &a
633 3093 774 3143 Tertullian
790 3110 818 3143 as
835 3110 851 3143 a
865 3094 1011 3145 Montanist
1027 3095 1072 3145 did
1086 3102 1131 3146 not
1141 3097 1233 3160 regard

231 3172 282 3220 this
298 3172 405 3236 promise
421 3187 449 3220 as
465 3172 614 3236 completely
625 3172 733 3221 fulfilled
749 3189 783 3223 on
799 3172 843 3222 the
860 3173 910 3238 day
926 3173 956 3222 oi
969 3175 1118 3224 Pentecost:
1143 3191 1185 3224 see
1201 3177 1233 3224 de

231 3265 329 3314 money.
346 3263 368 3308 2,
387 3250 470 3298 where
487 3250 518 3296 he
535 3251 604 3312 gives
621 3266 637 3299 s
648 3267 709 3316 very
721 3251 839 3301 different
855 3251 1049 3316 interpretation
1066 3256 1093 3301 to
1106 3252 1150 3302 the
1164 3269 1232 3303 same

230 3333 293 3377 text.
328 3326 413 3391 Gomp.
427 3327 480 3376 also
490 3328 521 3376 de
532 3329 595 3392 uirp.
608 3329 652 3377 uel.
668 3342 696 3388 13
713 3328 764 3378 and
776 3333 887 3378 contrast
897 3329 942 3378 the
952 3330 1076 3394 language
1086 3331 1157 3380 there
1168 3333 1232 3381 with

230 3406 289 3456 that
299 3405 387 3468 below,
400 3405 439 3456 ch.
456 3406 496 3466 28,
507 3407 647 3470 respecting
661 3406 705 3456 the
720 3407 856 3457 continued
866 3407 936 3458 work
951 3409 980 3457 oi
991 3409 1036 3458 the
1047 3409 1127 3474 Spirit
1143 3410 1171 3460 in
1187 3410 1232 3461 the

230 3483 339 3534 Church.

267 3574 304 3626 17.
324 3564 491 3611 descensum
503 3563 635 3618 Spiritus.
670 3563 734 3612 Acts
744 3563 771 3613 ii.
785 3577 796 3613 1
809 3564 836 3614 ff.

323 3643 373 3698 qui
385 3654 444 3689 non
458 3642 609 3696 recipiunt.
643 3639 696 3688 The
708 3640 887 3701 Marcionites3
903 3643 961 3693 oda.
973 3642 1058 3695 Marc.
1069 3661 1093 3693 v.
1107 3660 1136 3694 a:
1152 3661 1231 3708 comp.

231 3713 264 3767 ab.
276 3717 310 3768 iv.
322 3730 336 3780 5
346 3733 353 3776 ;
370 3716 495 3781 Epiphan.
507 3719 583 3766 Hace.
593 3730 633 3782 42.
643 3732 666 3782 9.
702 3720 754 3768 For
764 3719 832 3768 their
843 3719 916 3770 other
925 3721 1059 3787 rejectione
1069 3722 1121 3771 and
1131 3724 1232 3773 mutila·

230 3795 298 3846 tions
309 3797 337 3844 oi
345 3795 389 3846 the
401 3793 541 3861 Scriptures
552 3811 593 3845 see
603 3795 692 3861 below,
703 3796 742 3847 ch.
754 3797 794 3861 38.
