2724 4356
132 281 192 330 cn.
208 271 288 337 xlv]
331 263 371 328 de
393 263 655 346 Praescriptionc
677 262 936 328 Haeretz'corum.
1089 277 1134 343 49

132 436 264 496 delatum
276 456 313 495 ex
327 435 435 514 spiritu
447 434 546 494 Patris
560 434 617 494 Dei
632 440 662 494 et
675 434 787 494 virtute
801 434 833 493 in
842 432 989 511 virginem
1000 430 1136 503 Mariam,

132 556 249 597 carnem
270 535 381 594 lactum
401 534 433 592 in
451 541 536 594 utero
552 534 623 607 eius,
638 539 669 594 et
689 555 726 594 ex
746 555 780 593 ea
800 539 905 593 natum
925 530 1017 609 egisse
1035 530 1135 589 Iesum

133 634 301 694 Christum:
323 634 428 693 exinde
448 633 630 710 praedicasse
648 654 753 693 novam
772 633 873 710 legem,
889 636 920 690 et
940 650 1044 689 novam
1065 648 1136 707 pro-

132 732 300 793 missionem
313 731 398 809 regni
408 733 562 804 caelorum,
571 731 699 793 virtutes
712 730 821 804 fecisse,
837 728 1030 801 crucifixum,
1044 727 1137 786 tertia

133 831 180 891 die
204 831 416 905 resurrexisse3
447 830 479 889 in
500 830 594 890 caelos
621 835 755 907 ereptum
782 828 891 889 sedisse
917 827 956 887 ad
983 828 1163 901 dexteram5

133 929 252 1004 Patris;
274 928 387 989 misisse
401 928 541 988 vicariam
555 929 616 988 uim
638 927 769 1006 Spiritus
791 926 901 999 Sancti,
917 925 970 1004 qui
984 926 1135 986 credentes

133 1033 223 1106 agat3
244 1033 404 1089 venturum
418 1048 486 1087 cum
500 1028 636 1087 claritate
651 1025 856 1088 adsumendos
876 1029 991 1084 sanctos
1007 1023 1040 1082 in
1056 1023 1136 1083 vitoe

133 1133 268 1186 aeternae
289 1132 320 1186 et
338 1125 546 1204 promissorum
566 1125 736 1185 caelestium
749 1125 887 1196 fructum,
904 1129 934 1182 et
949 1123 987 1182 ad
999 1122 1136 1200 profanos

133 1224 304 1285 indicandos
324 1223 388 1302 igni
409 1231 560 1303 perpetuo,
583 1225 662 1283 facta
682 1223 839 1301 utriusque
860 1221 954 1300 partis
978 1220 1136 1280 resuscita-

135 1323 215 1384 tione
243 1345 309 1383 cum
331 1324 426 1383 carnis
449 1323 646 1383 restitutione.
689 1324 771 1383 Haeo
795 1322 936 1400 regulas
959 1320 1086 1393 Christe,
1101 1326 1136 1380 ut
1150 1338 1182 1381 10

134 1421 314 1502 probabitur,
331 1423 469 1482 instituta
488 1423 584 1482 nullas
601 1422 690 1482 habet
705 1421 785 1501 apud
802 1441 854 1480 nos
872 1419 1064 1498 quaestiones,
1079 1417 1137 1478 nisi

135 1542 208 1600 quas
220 1521 354 1582 haereses
367 1521 507 1596 inserunt,
523 1527 553 1581 et
567 1542 641 1600 quae
654 1520 816 1582 haereticos
830 1520 952 1583 faciunt.

517 1801 653 1862 CAPUT
674 1802 756 1863 XIV.

177 1963 334 2023 Cusanum
354 1969 490 2024 manente
510 1964 604 2024 forma
633 1964 697 2024 eius
724 1964 756 2023 in
785 1985 837 2025 suo
859 1963 970 2037 ordine,
995 1968 1139 2042 quantum

136 2061 210 2122 libet
240 2082 363 2139 quaeras
391 2067 422 2122 et
448 2068 559 2123 tractes
583 2068 614 2124 et
645 2083 760 2122 omnem
783 2062 936 2123 libidinem
961 2059 1139 2122 curiositatis

138 2160 278 2235 effundas,
297 2160 323 2220 si
346 2161 419 2237 quid
442 2160 498 2220 tibi
517 2160 637 2221 videtur
658 2163 706 2221 vel
724 2161 917 2240 ambiguitate
940 2163 1073 2239 pendere,
1093 2160 1140 2220 vel
1156 2176 1184 2227 15

137 2259 314 2319 obscuritate
329 2260 505 2320 obumbrari.
547 2261 605 2320 Est
616 2260 719 2338 utique
730 2261 822 2319 frater
831 2259 924 2337 aliqui
934 2261 1035 2318 doctor
1044 2258 1142 2337 gratia

139 2356 277 2417 scientiae
300 2359 446 2418 donatus:
472 2363 518 2418 est
537 2358 631 2436 aliqui
650 2359 729 2419 inter
749 2357 923 2418 exercitatos
943 2363 1140 2430 conversatus,

139 2549 245 2611 Nineue,
257 2566 292 2611 or,
306 2549 400 2610 rather,
412 2549 659 2614 prae-Augustinian
670 2549 782 2599 fathers:
800 2551 868 2600 Just.
878 2549 958 2599 Mart.
966 2548 1042 2599 Dici.
1051 2547 1091 2612 56,
1101 2563 1141 2612 59,

139 2627 169 2677 61
182 2643 188 2687 ;
205 2629 271 2676 Tert.
284 2628 359 2692 again
370 2628 428 2677 adv.
436 2629 519 2678 Pras.
532 2641 561 2690 13
572 2645 579 2684 ;
596 2629 653 2677 cdo.
663 2628 745 2678 Marc.
755 2629 781 2677 ii.
792 2637 838 2692 27;
854 2628 890 2678 tii.
903 2643 934 2693 93
951 2628 1019 2676 Iren.
1031 2627 1142 2686 iii.6.1;

139 2707 172 2756 iv.
188 2716 210 2770 7.
221 2720 253 2769 4;
271 2706 350 2756 (ilem.
361 2706 437 2757 Alex.
448 2706 528 2755 Paeo.
540 2707 557 2756 i.
571 2716 603 2770 73
618 2707 730 2770 Theoph.
748 2707 783 2755 ad
793 2707 879 2758 Arctoi.
893 2707 919 2755 ii.
933 2720 980 2769 313
996 2707 1071 2771 Gypr.
1084 2707 1143 2756 adv·

139 2784 198 2833 Iud.
211 2784 237 2832 ii.
250 2797 264 2846 5
274 2783 306 2844 i3
323 2784 394 2847 (lyril
403 2784 453 2834 Ier.
468 2784 569 2835 eareat.
584 2797 622 2833 10.
650 2783 728 2834 After
739 2785 790 2832 this
800 2786 864 2834 view
875 2785 926 2834 had
937 2785 1002 2834 been
1012 2783 1105 2833 turned
1116 2788 1143 2834 to

140 2863 222 2911 Arian
243 2877 362 2926 purposes
384 2862 528 2926 Augustino
549 2863 589 2926 (dc
614 2863 682 2912 utta
705 2863 742 2913 iii.
768 2864 810 2925 11)
830 2862 987 2912 maintained
1008 2859 1067 2912 that
1083 2862 1143 2911 ‘the

139 2940 314 3004 Theophauies
330 2956 396 2989 were
412 2946 458 2990 not
473 2941 553 2990 direct
569 2956 735 3004 appearances
748 2941 776 2990 of
783 2957 799 2990 a
810 2941 906 2991 Person
916 2942 944 2990 in
954 2941 999 2992 the
1009 2941 1142 3002 Godbead,

139 3019 188 3068 but
206 3018 469 3068 sslf-manifestatione
492 3019 520 3068 of
539 3019 596 3068 God
618 3019 727 3084 through
749 3035 766 3068 a
787 3020 889 3069 created
910 3018 1002 3083 being!
1035 3020 1143 3081 Liddon,

140 3097 270 3161 Baroptos
282 3096 340 3146 lect.
352 3114 377 3161 p.
390 3097 429 3161 58.
463 3097 548 3162 Gomp.
560 3098 686 3148 Athenas.
699 3099 731 3148 de
741 3113 809 3147 coac.
820 3099 902 3148 Arios.
919 3097 988 3162 apud
998 3097 1055 3147 Lib.
1067 3098 1143 3148 Foth.
1163 3123 1164 3127 =

139 3192 164 3240 p.
178 3179 303 3235 120,note
312 3191 339 3239 9.

175 3267 197 3303 2.
215 3256 314 3314 egisse,
327 3254 411 3302 ‘lived
422 3254 473 3303 and
484 3255 558 3304 acted
566 3270 594 3304 as
604 3255 624 3304 J
625 3269 682 3303 esus
693 3251 795 3303 Christ!
823 3251 944 3318 ‘Egisse’
955 3254 976 3303 is
985 3254 1029 3303 tbe
1039 3253 1145 3319 reading

141 3331 169 3381 ot
177 3332 262 3396 Aqola,
273 3333 357 3391 Laid„
372 3331 460 3390 Rhea,
475 3332 652 3399 Gaa9.‚1ts‘q.;
668 3333 719 3382 and
736 3348 810 3396 apere
824 3333 846 3383 ia
864 3332 925 3382 thus
942 3332 1005 3398 used
1014 3331 1090 3398 Apol.
1105 3346 1144 3393 10,

142 3420 186 3475 373
202 3412 234 3460 dc
244 3409 297 3460 erle.
310 3414 370 3460 caat.
384 3420 407 3474 7.
443 3415 450 3439 ‘
457 3411 557 3465 Exisse'
569 3427 621 3461 was
632 3411 678 3461 the
689 3410 832 3474 conjecture
844 3410 872 3460 ol
880 3410 955 3461 Folo.
969 3411 1081 3471 Ursinus,
1092 3409 1144 3460 and

142 3489 165 3538 is
176 3489 286 3553 adopted
298 3488 332 3554 by
346 3488 445 3539 Oelclcr.

173 3584 197 3630 4.
214 3565 487 3628 virtutes--tvrdpaa
508 3567 673 3618 ‘miracula’t
698 3581 726 3615 so
741 3566 831 3628 below,
851 3566 903 3618 cha.
925 3580 964 3628 ao,
983 3580 1020 3631 29,
1039 3578 1078 3628 30,
1097 3579 1145 3635 443

141 3644 217 3710 Apol.
233 3646 262 3693 18
276 3645 315 3710 (of
324 3645 369 3694 the
379 3647 494 3695 miracles
506 3646 535 3694 of
543 3646 573 3695 0.
582 3645 610 3694 Τ.
623 3644 762 3709 propheta).

175 3738 199 3787 9.
215 3727 366 3784 utriusque
377 3728 476 3784 partis,
487 3724 504 3773 i.
512 3741 534 3775 e.
548 3727 709 3773 ‘sanctorum
719 3729 798 3787 atque
808 3719 985 3789 profanorum!

174 3803 256 3852 Ceae.
270 3801 417 3852 ritu-16.
435 3807 542 3853 doctor.
570 3802 618 3853 See
628 3808 695 3865 note,
708 3801 748 3854 ch.
761 3814 785 3864 3.

614 3904 636 3946 lt
