2724 4356
225 256 268 318 40
626 236 824 302 Tertulliani
1082 246 1154 313 [cn.
1169 251 1227 304 vil.

266 409 407 469 Miserum
439 406 648 468 Aristotelem!
686 408 736 485 qui
771 407 831 467 illis
867 406 1050 469 dialecticam
1084 408 1227 486 instituit,

224 507 364 570 artificem
382 507 517 568 struendi
537 513 569 568 et
591 506 771 580 destruendi,
790 506 976 585 versipellem
1000 506 1034 567 in
1061 509 1227 584 sententiis,
1332 544 1335 553 ·

224 613 354 670 coactam
381 607 414 667 in
441 605 627 680 coniecturis,
655 606 759 665 duram
787 605 820 665 in
846 606 1036 684 argumentis,
1064 608 1228 686 operariam

225 705 454 779 contentionum,
470 706 623 765 molestam
642 704 731 764 etiam
749 704 885 783 sibiipsi,
900 706 1228 782 omniaretraotantem,

198 828 212 877 5
225 826 263 866 ne
277 805 350 884 quid
363 804 480 865 omnino
493 803 678 864 tractaverit.

268 904 347 963 Hinc
362 903 431 963 illae
444 903 561 963 fabulae
575 907 606 962 et
621 901 808 981 genealogiae
825 901 1064 976 interminabiles,
1080 909 1110 964 et
1125 925 1227 983 quaes-

225 998 333 1089 tiones
349 997 554 1069 infructuosae,
583 1001 614 1056 et
645 1016 791 1056 sermones
819 1004 969 1075 serpentes
996 998 1080 1058 velut
1106 1017 1228 1072 cancer3

225 1091 372 1170 aquibus
395 1111 449 1151 nos
473 1090 622 1169 apostolus
645 1090 795 1150 refrenans
822 1089 995 1151 nominatim
1015 1091 1229 1171 philosophiam

225 1196 410 1252 contestatur
424 1189 522 1250 caveri
535 1194 680 1267 oportere,
695 1189 824 1249 scribens
838 1189 875 1250 ad
890 1189 1073 1251 colossenses
1085 1210 1092 1250 :
1121 1192 1227 1250 Videte

183 1315 214 1350 ιο
227 1311 264 1351 ne
286 1290 338 1368 qui
360 1289 399 1350 sit
420 1287 652 1349 circumveniens
672 1308 724 1347 vos
744 1307 798 1365 per
820 1288 1033 1366 philosophiam
1057 1295 1088 1350 et
1111 1289 1228 1350 inanem

227 1388 433 1463 seductionem,
450 1387 608 1447 secundum
622 1385 811 1446 traditionem
826 1386 983 1458 hominum,
998 1394 1116 1465 praeter
1129 1389 1229 1468 provi·

226 1487 357 1549 dentiam
371 1486 503 1565 Spiritus
522 1486 632 1548 Sancti.
677 1485 787 1545 Fuerat
803 1485 943 1558 Athenis,
958 1492 989 1546 et
1007 1487 1095 1546 istam
1117 1487 1229 1566 sapien·

225 1585 299 1646 tiam
314 1585 480 1658 humanam,
494 1584 702 1645 affectatricem
718 1591 749 1644 et
768 1583 1016 1661 interpolatricem
1031 1585 1178 1659 veritatis,
1193 1588 1229 1646 de

227 1684 431 1762 congressibus
450 1688 580 1756 noverat,
596 1683 690 1762 ipsam
710 1702 826 1760 quoque
846 1681 879 1740 in
898 1703 966 1742 suas
983 1684 1115 1744 haereses
1128 1685 1231 1744 multi·

184 1807 212 1857 15
227 1783 369 1863 partitam
383 1782 527 1844 varietate
541 1787 686 1842 sectarum
701 1781 826 1840 invicem
840 1782 1078 1860 repugnantium.

270 1881 350 1957 Quid
370 1902 440 1961 ergo
460 1880 588 1941 Athenis
609 1887 639 1941 et
660 1878 890 1957 Hierosolymis‘l
916 1880 989 1958 quid
1012 1880 1176 1942 academiae
1200 1886 1232 1942 et

227 2086 257 2131 ut
268 2081 386 2131 Marcion
397 2081 492 2130 bonum
506 2080 583 2129 deum
596 2083 622 2128 et
638 2079 753 2139 otiosum,
765 2082 795 2127 ut
807 2078 960 2128 Valentinus
977 2077 1064 2129 atavae
1080 2080 1188 2144 triginta
1204 2086 1232 2131 et

228 2165 368 2209 extremum
389 2159 519 2209 Christum
540 2174 617 2223 quem
638 2158 751 2223 appellat
772 2155 891 2219 ἓκτρωμα,
911 2157 938 2206 id
961 2163 1009 2219 est,
1028 2159 1181 2221 abortivum,
1201 2164 1232 2208 ut

227 2237 352 2289 Basilides
379 2238 424 2303 qui
458 2237 654 2302 omnipotentem
687 2237 772 2286 Deum
804 2240 951 2301 portentoso
985 2236 1086 2286 nomine
1116 2237 1232 2302 appellat

226 2313 347 2380 ἅβραξας]

260 2395 284 2446 6.
300 2395 481 2454 genealogiae
492 2395 728 2444 interminabiles.
759 2392 844 2445 rTim.
857 2392 873 2441 i.
882 2407 915 2456 43
931 2391 1046 2444 'litusiii
1055 2407 1086 2458 93
1106 2394 1195 2444 sTim.
1204 2393 1231 2447 ii.

230 2484 268 2538 17,
283 2488 328 2537 23:
346 2489 426 2537 comp.
437 2473 477 2523 ch.
490 2484 537 2534 333
554 2472 612 2522 cdv.
624 2470 682 2521 Vol.
695 2484 718 2533 3.

260 2567 284 2618 9.
301 2556 339 2602 ad
350 2555 539 2602 colossenses.
573 2549 667 2599 (tolosa.
679 2548 707 2600 ii.
720 2550 745 2599 8.

263 2644 300 2694 14.
317 2632 525 2688 congressibus,
543 2628 762 2692 ‘argumentative
784 2624 968 2678 encounters':
992 2643 1019 2676 so
1040 2627 1114 2691 again
1137 2628 1176 2678 ola
1202 2628 1232 2677 18

230 2713 238 2738 ‘
245 2710 425 2774 scripturarum
435 2722 595 2771 congressum
605 2707 629 2766 ’3
651 2706 682 2754 de
694 2722 763 2756 catu.
777 2706 838 2758 Otr.
854 2718 901 2761 21;
926 2706 957 2756 de
969 2722 1016 2756 rea.
1030 2722 1101 2756 com.
1114 2720 1160 2770 55:
1178 2706 1200 2756 it
1210 2708 1234 2756 is

229 2787 292 2836 used
303 2786 331 2836 oi
338 2786 443 2850 judicisl
455 2790 574 2845 contests,
583 2784 671 2845 Quint.
679 2784 715 2833 iii.
723 2783 749 2835 6.
758 2799 783 2848 4.
817 2784 872 2833 The
882 2784 944 2833 verb
952 2783 1003 2834 and
1012 2785 1055 2834 the
1064 2785 1142 2834 allied
1153 2785 1234 2836 subet.

229 2865 371 2930 conpressio
380 2864 523 2929 frequently
531 2864 592 2912 bear
602 2862 653 2913 this
662 2878 733 2912 sense
745 2880 752 2912 ε
769 2879 790 2913 e.
796 2878 820 2927 g.
828 2862 878 2912 chs.
891 2875 929 2925 15,
940 2862 986 2924 26;
1003 2863 1079 2928 Apol.
1088 2877 1126 2927 25,
1137 2863 1185 2927 46;
1202 2866 1234 2913 de

229 2947 282 2993 test.
295 2959 337 2993 aa.
350 2957 374 3005 4.

265 3019 303 3070 16.
322 3023 401 3077 Quid
411 3034 479 3078 ergo
489 3021 612 3069 Athenis
622 3023 650 3070 et
662 3020 775 3068 Hieros.
787 3034 793 3068 :
810 3034 890 3083 comp.
898 3019 974 3084 Apol.
982 3018 1024 3083 46.
1041 3019 1109 3069 Such
1117 3036 1233 3084 passages

230 3115 258 3148 as
271 3098 343 3149 these
355 3097 597 3162 characteristically
607 3098 680 3146 mark
691 3097 735 3147 the
747 3098 858 3147 attitude
869 3097 897 3147 of
905 3098 1021 3148 isolation
1029 3099 1085 3149 into
1098 3098 1181 3147 which
1188 3099 1234 3149 the

230 3176 412 3242 Carthaginien
432 3176 517 3226 school
536 3175 565 3225 of
581 3176 717 3240 apologists
732 3176 817 3226 forced
834 3175 1002 3242 Christianity
1018 3193 1046 3226 as
1063 3178 1166 3242 regards
1188 3178 1234 3227 the

229 3254 299 3305 main
310 3260 417 3304 streame
432 3254 461 3302 of
469 3253 565 3303 human
579 3253 691 3318 thought
707 3255 736 3303 in
751 3255 796 3305 the
809 3261 874 3320 past.
908 3256 963 3304 The
977 3254 1044 3319 rigid
1058 3256 1159 3305 divorsa
1174 3255 1234 3304 here

230 3333 335 3383 insisted
351 3349 383 3382 on
399 3332 515 3383 between
528 3332 574 3382 the
590 3331 711 3383 Church’s
726 3333 800 3383 ereed
815 3335 866 3382 and
881 3350 965 3398 pagan
980 3333 1128 3398 philosophy
1138 3350 1198 3399 may
1209 3334 1237 3384 oi

132 3471 133 3476 ¹
230 3428 317 3462 course
328 3411 360 3461 be
377 3409 476 3476 strictly
488 3411 539 3461 and
554 3411 651 3477 rightly
660 3411 816 3461 maintained
832 3412 896 3461 from
910 3427 957 3460 one
969 3411 1041 3476 point
1056 3412 1084 3461 of
1091 3413 1171 3473 view;
1187 3413 1235 3462 but

229 3491 275 3541 the
286 3505 441 3540 narrowness
452 3489 481 3539 oi
489 3489 570 3539 vision
584 3490 668 3540 which
684 3490 757 3540 made
770 3490 823 3540 this
837 3490 950 3555 pointel
961 3491 1025 3540 view
1039 3490 1083 3540 the
1098 3491 1202 3552 oentral,
1214 3491 1238 3540 if

230 3575 275 3619 not
285 3569 329 3618 the
340 3569 399 3633 only
410 3584 465 3626 one,
478 3573 505 3618 to
516 3568 561 3617 the
575 3569 702 3619 exclusion
714 3568 744 3618 of
758 3585 808 3633 any
818 3569 901 3634 larger
914 3569 964 3618 and
980 3585 1049 3618 mare
1065 3569 1234 3634 sympathetic

229 3647 327 3712 insight
336 3648 392 3697 into
403 3646 447 3696 the
458 3647 534 3697 vslue
545 3646 573 3696 of
582 3647 772 3697 non-Christian
790 3654 904 3713 systema,
917 3653 1040 3697 matrasta
1051 3648 1234 3712 unfavourably

230 3726 293 3775 with
315 3725 359 3775 the
380 3726 455 3776 wiser
476 3726 528 3775 and
550 3741 620 3776 more
641 3727 844 3794 eomprehensive
860 3726 934 3791 spirit
953 3726 980 3776 of
998 3727 1043 3778 the
1058 3727 1234 3778 Alexandrian

230 3804 372 3870 apologista.

707 4022 844 4100 A
