2724 4356
165 282 225 330 cm.
242 276 378 343 xxx111.]
410 266 451 333 de
472 267 735 353 Praescrzjotione
755 268 1015 336 Haereticorum.
1123 283 1164 353 77

162 437 350 499 Timotheum
370 437 517 500 instruens
540 439 709 518 nuptiarum
730 461 845 520 quoque
868 440 1072 503 interdictores
1096 462 1165 521 sug·

161 537 267 614 gillat:
285 537 330 598 ita
339 537 501 599 instituunt
512 538 646 600 Marcion
655 547 685 601 et
694 539 815 619 Apelles
826 539 891 600 eius
905 547 1031 602 secutor.
1060 540 1165 620 Aeque

161 637 261 715 tangit
274 658 322 698 eos
337 637 389 716 qui
408 638 538 699 dicerent
555 639 664 700 factam
678 640 737 699 iam
753 639 1009 701 resurrectionem:
1030 640 1062 701 id
1080 640 1117 700 de
1133 662 1165 702 se

161 735 363 797 Valentiniani
387 745 563 797 asseverant.
605 738 718 799 Sedet
742 759 808 799 cum
829 738 1014 817 genealogias
1034 739 1165 799 indeter-

160 835 288 896 minatas
299 835 438 910 nominat,
447 835 624 897 Valentinus
637 838 814 916 agnoscitur,
826 837 906 915 apud
916 858 1003 916 quern
1015 837 1097 897 Aeon
1112 839 1163 899 ille
1178 857 1192 909 5

161 934 257 994 nescio
275 934 328 1014 qui
346 933 416 994 novi
429 941 459 994 et
473 955 533 994 non
546 935 634 996 unius
648 936 774 996 nominis
787 943 909 1014 generat
923 957 960 997 ex
974 957 1028 997 sua
1042 937 1163 998 Charite

161 1033 285 1094 Sensum
299 1041 329 1095 et
338 1034 517 1095 Veritatem:
537 1042 568 1095 et
581 1035 613 1094 hi
627 1055 718 1114 aeque
728 1041 886 1113 procreant
896 1057 933 1096 ex
947 1057 977 1096 ee
993 1036 1164 1098 Sermonem

160 1137 192 1192 et
201 1132 317 1206 Vitam3
339 1131 443 1192 dehinc
454 1138 485 1192 et
497 1131 550 1191 isti
560 1141 702 1210 generant
713 1134 873 1194 Hominem
884 1140 915 1194 et
924 1135 1104 1209 Ecclesiam3
1126 1137 1163 1196 de

160 1253 218 1311 qua
239 1233 336 1310 prima
355 1232 485 1311 ogdoade
498 1233 631 1294 Aeonum
648 1234 754 1296 exinde
768 1235 867 1297 decem
881 1236 943 1310 alii,
961 1243 992 1297 et
1011 1236 1162 1297 duodecim

158 1327 266 1406 reliqui
285 1327 400 1387 Aeones
416 1328 499 1387 miris
514 1328 682 1388 nominibus
701 1330 838 1391 oriuntur
857 1330 889 1390 in
907 1351 1016 1391 meram
1033 1331 1162 1391 fabulam
1177 1347 1208 1386 10

159 1426 285 1504 triginta
298 1424 442 1487 Aeonum.
483 1426 569 1487 Idem
583 1428 741 1506 apostolus,
756 1450 824 1488 cum
843 1429 991 1508 improbat
1009 1429 1162 1491 elementis

158 1625 214 1675 first
222 1641 295 1675 occur
302 1625 330 1674 in
339 1625 468 1687 Irenaens,
477 1626 495 1678 i.
506 1641 535 1676 aa
539 1665 546 1690 ,
554 1627 638 1678 where
646 1627 713 1677 their
721 1629 740 1679 J
743 1628 858 1694 udaizing
865 1627 1007 1679 tendenoies
1015 1644 1058 1678 are
1066 1628 1161 1694 clearly

158 1704 256 1764 stated;
273 1708 450 1768 ‘perseverant
460 1705 488 1754 in
498 1705 538 1754 his
548 1706 771 1756 consuetudinibus
781 1722 847 1771 quae
857 1711 918 1755 sunt
930 1707 1067 1756 secundnm
1079 1706 1161 1770 legem

158 1787 185 1831 et
202 1781 307 1832 Iudaico
321 1782 467 1832 charactere
482 1781 579 1834 vitae’:
596 1801 677 1849 comp.
693 1784 797 1850 Hippoi.
813 1786 872 1835 adv.
887 1785 958 1835 lucr.
969 1802 994 1835 x.
1007 1799 1037 1835 aa
1053 1785 1115 1833 Ζῶσι
1133 1783 1159 1834 δὲ

157 1858 236 1908 πάντα
246 1859 309 1908 κατὰ
319 1859 394 1921 νόμον
408 1861 509 1925 Mardoi,
521 1860 585 1911 οὕτω
595 1861 731 1924 φάσκοντες
744 1863 902 1915 δικαιοῦσθαι.
936 1864 986 1912 For
1001 1863 1075 1913 other
1089 1862 1161 1928 early

157 1938 294 1989 references
304 1944 331 1988 to
343 1939 494 1990 Ebionitism
504 1957 546 1990 see
558 1941 625 1991 Iren.
637 1942 671 1991 iv.
686 1955 725 2006 52.
740 1955 751 1990 1
762 1958 769 2004 ;
787 1958 811 1990 v.
825 1955 846 1991 1.
860 1955 882 2004 3.
910 1942 1014 2007 Hippoi.
1027 1943 1068 1992 vii.
1083 1956 1122 2002 aa,
1134 1957 1159 1991 x.

160 2018 205 2077 183
221 2017 271 2066 and
280 2017 324 2067 the
335 2033 451 2083 passages
463 2018 584 2068 collected
594 2019 622 2069 in
633 2019 802 2082 Schliemann,
811 2020 863 2070 Dic
874 2021 1053 2081 Olenacum,
1065 2035 1089 2084 p.
1102 2029 1158 2084 471.

157 2094 261 2157 Nitnch,
272 2095 407 2161 Doomeny.
421 2113 444 2161 p.
458 2105 488 2160 37
500 2097 542 2157 ff.;
560 2097 690 2156 Hamack,
703 2097 838 2165 Doqmeaq.
850 2099 867 2148 i.
881 2097 928 2148 226
940 2098 967 2147 ff.

192 2188 214 2225 1.
232 2175 418 2226 Timotheum.
455 2175 543 2226 1'l'im.
555 2175 590 2226 iv.
603 2191 625 2240 3.

223 2256 367 2316 sussgillat,
379 2251 526 2318 ‘andgels’s
543 2271 584 2304 see
595 2259 664 2316 note,
678 2255 718 2305 cla
731 2257 754 2306 8.

192 2345 214 2394 3.
231 2334 336 2381 factam
351 2335 409 2383 iam
425 2335 669 2383 resurrectionem.
704 2333 793 2382 a'l'im.
804 2332 831 2382 ii.
845 2334 882 2383 18.
918 2333 963 2398 Op.
981 2332 1011 2383 de
1027 2341 1073 2382 res.
1087 2347 1157 2382 cara.

159 2421 189 2473 19
201 2408 307 2474 ‘Itaque
320 2409 431 2475 [dicunt]
444 2415 472 2459 et
482 2411 690 2460 resumactionem
700 2427 756 2460 eam
767 2411 944 2461 vindicandam
959 2427 1009 2476 qua
1020 2409 1075 2475 quis
1086 2409 1159 2459 adita

157 2488 266 2537 veritate
285 2487 454 2538 redanimatus
471 2493 497 2537 et
514 2488 684 2539 revivificatus
704 2490 759 2538 Deo
776 2489 931 2553 ignorantiae
947 2495 1027 2539 morte
1046 2487 1158 2537 discussa

156 2565 227 2614 velut
247 2565 279 2614 de
296 2564 427 2630 sepulchro
446 2567 538 2616 veteris
555 2566 662 2617 hominis
682 2567 794 2632 eruperit
812 2604 818 2618 .
836 2603 843 2617 .
861 2605 867 2618 .
886 2567 984 2617 Exinde
1001 2582 1060 2630 ergo
1076 2559 1171 2614 resur?

156 2644 293 2692 rectionem
308 2643 358 2692 fide
377 2648 521 2694 consecutos
537 2661 596 2695 cum
611 2646 722 2695 Domino
731 2661 791 2700 ,esse
808 2661 866 2696 cum
883 2663 942 2696 eum
958 2647 986 2695 in
1005 2643 1158 2710 baptismate

154 2719 301 2773 induerint.’
335 2721 403 2772 Iren.
416 2722 443 2772 ii.
455 2724 496 2785 48.
510 2736 523 2771 a
540 2723 670 2773 ‘Tantum
686 2727 773 2773 autem
788 2724 881 2774 absunt
895 2725 928 2774 ab
945 2741 975 2774 eo
989 2729 1019 2773 ut
1029 2727 1158 2772 mortuum

155 2799 266 2849 excitent
282 2836 289 2849 .
307 2837 314 2851 .
332 2835 339 2849 .
359 2803 389 2849 ut
412 2816 445 2849 ne
466 2799 568 2865 quidem
583 2801 688 2851 credant
705 2802 752 2852 hoc
770 2803 798 2852 in
814 2807 897 2852 totum
916 2818 987 2867 posse
1003 2800 1074 2850 fieri:
1103 2788 1157 2849 ess'e

155 2883 242 2928 autem
252 2879 462 2928 resurrectionem
478 2895 495 2928 a
510 2880 625 2942 mortuis,
636 2881 790 2945 agnitionem
806 2882 869 2943 eius,
882 2898 947 2947 qnae
963 2882 996 2931 ab
1007 2881 1044 2929 eis
1054 2878 1156 2939 dicitur,

154 2953 285 3007 veritatis!

188 3051 212 3099 4.
229 3037 433 3085 Valentiniani.
473 3035 557 3101 Many
576 3035 605 3086 of
621 3035 666 3086 the
685 3035 804 3087 Gnostics
825 3036 876 3087 and
897 3039 1009 3088 Docetae
1031 3034 1158 3086 admitted

154 3128 171 3163 a
180 3116 188 3142 ⁴
197 3113 313 3177 spiritual
322 3110 330 3134 '
340 3112 514 3162 resurrection.

220 3191 399 3249 genealogias
411 3194 652 3244 indeterminatas.
688 3207 699 3242 1
710 3193 774 3242 Tim
786 3193 803 3243 i.
816 3209 840 3258 4.

188 3282 211 3333 5.
227 3272 406 3320 Valentinus.
440 3269 488 3319 See
499 3270 622 3321 Ps-Tert.
634 3273 691 3321 ado.
703 3289 768 3323 omo.
780 3272 849 3322 lucr.
864 3285 888 3334 a,
900 3272 983 3321 where
999 3270 1045 3321 the
1061 3273 1155 3336 system

153 3345 175 3396 is
186 3364 255 3396 more
265 3347 337 3412 fully,
348 3348 395 3397 but
405 3348 542 3398 somewhat
552 3349 705 3416 confusedly‚
716 3349 853 3400 described.

187 3425 210 3474 6.
232 3427 302 3474 novi
324 3430 353 3475 et
369 3441 428 3474 non
451 3428 536 3476 unius
558 3429 690 3496 nominis.
724 3429 810 3492 Comp.
833 3429 891 3478 adv.
915 3427 973 3478 Vol.
994 3437 1008 3490 7
1027 3423 1153 3490 ‘[Valen·

153 3503 308 3554 tinianorum
325 3503 398 3569 deus]
416 3504 616 3555 substantialiter
627 3505 731 3571 quidem
739 3505 818 3556 hicira
836 3505 937 3556 Τέλειον
948 3505 1084 3571 appellant,
1098 3517 1153 3567 per·

152 3582 273 3632 sonaliter
283 3598 343 3631 vero
354 3580 485 3646 Προαρχήν
497 3587 523 3633 et
533 3581 583 3644 Τὴν
594 3581 695 3648 Ἀρχὴν,
708 3585 787 3634 etiam
797 3584 930 3650 Bython'3
946 3583 1014 3634 Iren.
1022 3583 1038 3632 i.
1053 3595 1074 3631 1.
1088 3593 1110 3629 1.

187 3671 210 3724 7.
232 3660 460 3723 Sensum-Nota,
471 3661 540 3714 Iren.
553 3661 570 3711 l.
579 3677 600 3711 c.

186 3740 210 3788 8.
227 3742 262 3788 de
273 3741 408 3798 qua-‘ex
419 3737 485 3804 qus!

187 3829 226 3868 11.
243 3819 391 3868 elementis
401 3821 566 3870 servientes.
598 3818 657 3870 Gal.
668 3819 703 3870 iv.
715 3833 740 3885 9.
