2724 4356
231 293 273 356 66
637 294 836 359 Tertulliani
1041 302 1112 368 [car.
1128 307 1234 355 xxvll.

232 465 361 526 ecclesiis
398 465 471 524 nihil
507 463 720 525 subtraxissent
754 465 833 544 quod
867 464 934 525 aliis
969 464 1070 542 paucis
1105 485 1234 524 seorsum

232 561 450 621 demandarent.

275 660 456 737 Quamquam
471 659 526 718 etsi
541 659 683 737 quaedam
696 659 777 738 inter
789 658 968 731 domesticos,
983 663 1019 718 ut
1039 658 1082 717 ita
1096 657 1233 730 dixerim,

233 758 425 830 disserebant,
440 780 498 817 non
512 763 611 818 tamen
625 779 659 817 ea
675 758 765 819 fuisse
784 759 961 818 credendum
982 762 1026 818 est
1048 778 1124 836 quae
1144 757 1236 816 aliam

206 858 364 936 5regulam
395 857 463 917 fidei
491 858 726 935 superducerent,
756 857 902 917 diversam
929 861 959 916 et
987 857 1162 917 contrariam
1190 856 1235 914 illi

234 977 320 1035 quam
342 956 484 1017 catholice
504 957 536 1014 in
556 956 686 1015 medium
706 956 895 1032 proferebant
902 976 910 1028 3
932 962 967 1015 ut
982 956 1073 1015 alium
1088 956 1183 1014 Deum
1203 954 1236 1013 in

233 1054 353 1115 ecclesia
374 1056 512 1126 dicerent,
527 1055 618 1114 alium
639 1054 671 1113 in
691 1054 837 1132 hospitio;
858 1055 947 1113 aliam
967 1054 1079 1115 Christi
1100 1054 1235 1113 substan-

233 1154 308 1213 tiam
332 1154 521 1230 designarent
542 1152 574 1210 in
595 1157 705 1230 aperto,
726 1152 815 1211 aliam
838 1152 869 1209 in
893 1157 1022 1221 secreto;
1044 1152 1133 1212 aliam
1154 1172 1236 1230 spem

233 1252 453 1311 resurrectionis
467 1252 543 1330 apud
560 1272 659 1311 omnes
672 1251 891 1324 annuntiarent,
907 1251 995 1310 aliam
1014 1252 1093 1329 apud
1110 1272 1218 1329 paucos
1227 1271 1235 1324 ;

191 1365 221 1401 10
234 1371 300 1408 cum
317 1349 375 1428 ipsi
397 1351 585 1410 obsecrarent
606 1350 638 1409 in
659 1349 794 1428 epistulis
816 1349 886 1422 suis,
902 1356 937 1409 ut
957 1349 1087 1427 idipsum
1101 1354 1131 1408 et
1144 1370 1236 1408 unum

234 1449 425 1526 loquerentur
446 1469 553 1522 omnes,
568 1455 598 1508 et
618 1470 677 1507 non
698 1452 796 1508 essent
818 1449 973 1508 schismata
992 1456 1023 1508 et
1044 1449 1236 1508 dissensiones

234 1546 267 1606 in
281 1548 410 1619 ecclesia,
427 1547 497 1625 quia
520 1548 581 1608 sive
602 1549 719 1620 Paulus,
741 1547 881 1619 sirachi,
904 1548 1006 1607 eadem
1026 1548 1237 1626 praedicarent.

234 1645 376 1724 Alioquin
398 1647 602 1719 meminerant,
624 1646 672 1706 Sit
692 1667 785 1706 sermo
806 1651 912 1719 vester,
928 1652 982 1718 est,
1002 1651 1056 1719 est,
1079 1667 1144 1719 non,
1160 1666 1236 1705 non:

235 1764 304 1803 nam
330 1745 407 1822 quod
435 1745 568 1822 amplius,
597 1744 651 1805 hoc
679 1766 697 1804 a
725 1746 801 1803 malo
836 1750 889 1817 est,
919 1766 955 1804 ne
990 1745 1174 1822 evangelium
1205 1746 1237 1804 in

193 1854 222 1903 15
234 1842 408 1903 diversitate
423 1847 594 1903 tractarent.

597 2035 731 2096 CAPUT
753 2035 880 2095 XXVII.

279 2184 312 2244 Si
333 2206 402 2263 ergo
431 2185 602 2245 incredibile
634 2191 680 2246 est
707 2187 754 2246 vel
786 2186 934 2263 ignorasse
965 2187 1109 2263 apostolos
1142 2186 1237 2264 pleni·

238 2283 373 2343 tudinem
405 2284 631 2362 praedicationis
657 2286 705 2344 vel
733 2305 792 2343 non
820 2272 936 2343 omnem
964 2284 1095 2343 ordinem
1122 2286 1240 2362 regulae

237 2383 372 2442 omnibus
393 2383 525 2456 edidisse,
541 2384 692 2443 videamus
706 2403 742 2442 ne
756 2385 831 2442 forte
845 2383 969 2461 apostoli
987 2383 1105 2461 quidem
1125 2383 1239 2461 simpli·

238 2481 312 2540 citer
337 2486 366 2540 et
389 2482 486 2560 plene,
507 2482 643 2541 ecclesiae
668 2489 767 2541 autem
791 2501 843 2541 suo
867 2482 942 2540 vitio
962 2482 1050 2542 ahter
1074 2483 1241 2561 acceperint

195 2600 227 2636 20
239 2601 326 2657 quarn
348 2580 473 2657 apostoli
492 2580 685 2657 proferebant.
729 2580 838 2639 Omnia
858 2581 916 2639 ista
937 2581 1173 2658 scrupulositatis
1194 2582 1240 2640 in-

239 2678 399 2737 citamenta
409 2679 541 2737 invenias
553 2680 707 2757 praetendi
721 2679 758 2737 ab
772 2678 935 2738 haereticis.
971 2679 1083 2739 Tenent
1094 2686 1241 2756 correptas

239 2777 276 2836 ab
297 2777 428 2855 apostolo
449 2777 603 2836 ecclesias:
630 2777 657 2835 O
678 2777 820 2836 insensati
841 2777 974 2851 Galatae,
996 2779 1062 2856 quis
1082 2799 1133 2837 vos
1154 2778 1240 2838 fasci·

239 2874 342 2934 navitl
359 2882 406 2935 et:
426 2876 497 2933 Tam
507 2877 580 2934 bene
591 2875 760 2947 currebatis,
771 2876 838 2953 quis
848 2896 899 2936 vos
910 2876 1044 2953 impediit
1056 2879 1067 2936 ‘l
1086 2877 1241 2955 ipsumque

239 2973 434 3052 principium:
458 2973 551 3033 Miror
562 2974 640 3050 qnod
654 2974 695 3032 sic
709 2979 770 3032 tam
786 2974 844 3033 cito
858 2975 1072 3034 transferimini
1085 2976 1124 3035 ab
1138 2976 1241 3054 eo„qui

274 3151 296 3200 5.
314 3139 555 3193 superducerent:
572 3152 613 3185 see
624 3140 691 3197 noto,
704 3135 749 3186 Oh.
763 3148 801 3197 23.

273 3213 296 3263 6.
314 3215 494 3264 catholioe=‘
504 3214 571 3278 apud
588 3230 673 3264 ornnes
689 3212 789 3278 palam‚’
800 3213 907 3279 opposed
924 3219 951 3264 to
966 3215 1049 3263 ‘inter
1064 3214 1239 3266 domesticos’:

239 3309 318 3357 comp.
331 3293 426 3356 defup.
440 3305 454 3353 3
466 3292 548 3341 where
558 3293 580 3341 it
591 3294 612 3342 is
623 3292 730 3357 opposed
741 3297 769 3342 to
781 3294 788 3318 ‘
798 3309 829 3342 ex
839 3290 927 3358 parte'
960 3294 1052 3357 Apob„
1065 3294 1126 3357 Rip.
1139 3299 1147 3322 ‘
1154 3294 1241 3344 catho-

240 3367 316 3420 lieae'
329 3387 361 3421 ac.
375 3368 522 3419 ‘ecclesiae'
536 3370 589 3434 (see
599 3378 666 3427 note,
677 3371 716 3421 cb.
732 3373 783 3434 30).

276 3462 313 3498 10.
331 3453 363 3498 in
374 3452 506 3506 epistulis
518 3453 585 3498 suis.
622 3463 632 3497 1
647 3450 704 3500 Cor.
716 3451 734 3499 i.
748 3462 786 3498 10.

276 3541 312 3589 13.
332 3531 377 3576 sic
388 3542 488 3577 sermo.
522 3528 547 3576 S.
557 3527 634 3578 Matt.
648 3545 671 3577 v.
686 3538 723 3592 37.

273 3607 356 3656 Cure.
368 3605 562 3655 xxm-20.
579 3609 825 3664 scrupulositatis:
843 3622 883 3656 see
894 3611 962 3667 note,
975 3605 1013 3657 ch.
1029 3607 1051 3655 8.

241 3725 249 3735 .
275 3699 313 3732 ee.
332 3687 505 3734 Oinsensati
518 3687 642 3734 Galatae.
676 3685 733 3735 Gal.
746 3685 782 3733 iii.
797 3699 817 3735 1.
878 3748 882 3753 ὓ

276 3777 313 3825 ²3·
332 3766 402 3811 'Pam
413 3765 492 3812 bane.
526 3762 583 3812 Gal.
596 3779 620 3814 v.
634 3771 655 3825 7.

275 3855 314 3904 ²4·
332 3844 431 3891 Miror.
464 3840 521 3891 Gal.
533 3840 550 3891 i.
563 3839 587 3892 6.
