2724 4356
174 278 233 328 cn.
249 272 316 337 xm]
375 266 414 329 de
435 265 696 349 Praescrzpticne
717 265 975 332 Haereticorum.
1132 287 1169 352 91

172 432 310 495 tinentes.
353 435 492 496 Ceterum
520 436 544 496 si
573 437 688 496 Numae
716 437 854 514 Pompilii
882 438 1105 516 superstitiones
1130 459 1175 500 re·

171 533 330 606 volvamus,
352 534 377 593 si
398 535 586 595 sacerdotalia
606 535 699 595 officia
720 541 750 595 et
771 536 899 613 insignia
919 542 949 596 et
969 537 1133 615 privilegia,
1149 537 1175 597 si

171 632 341 692 sacrificalia
354 634 527 707 ministeria,
543 641 574 694 et
592 635 788 693 instrumenta
807 641 837 695 et
851 656 920 695 vasa
938 635 1068 714 ipsorum
1087 636 1176 696 sacri·

171 729 310 803 liciorum,
325 753 359 792 ac
373 732 555 810 piaculorum
569 738 600 793 et
614 741 748 792 votorum
759 733 945 793 curiositates
956 734 1175 806 consideremus,

171 850 266 889 nonne
287 830 442 891 manifeste
463 831 595 891 diabolus
616 832 815 892 morositatem
836 832 919 891 illam
942 832 1078 892 Iudaicae
1102 832 1203 911 legis5

85 952 88 968 ³
171 927 304 988 imitatus
319 932 384 989 esti

213 1027 272 1100 Qui
287 1049 355 1105 crgo
368 1028 446 1108 ipsas
460 1049 514 1103 res,
532 1028 568 1088 de
587 1027 693 1107 quibus
712 1035 894 1088 sacramenta
909 1028 1021 1090 Christi
1034 1030 1174 1090 adminis-

170 1130 298 1199 trantur,
327 1133 388 1187 tam
415 1127 597 1186 aemulanter
622 1128 772 1187 affectavit
798 1128 961 1205 exprimere
989 1128 1021 1187 in
1049 1130 1175 1206 negotiis

171 1223 372 1299 idololatriae3
395 1226 500 1303 utique
529 1232 559 1285 et
588 1225 663 1285 idem
690 1230 720 1284 et
744 1226 844 1285 eodem
868 1226 986 1303 ingenio
1008 1228 1119 1303 gestiit,
1144 1233 1175 1287 et

171 1323 269 1399 potuit
291 1324 487 1384 instrumenta
506 1345 621 1403 qnoque
644 1324 809 1383 divinarum
833 1345 932 1384 rerum
956 1333 986 1384 et
1008 1333 1175 1386 sanctorum
1191 1349 1220 1384 10

171 1420 414 1495 Christianorum,
437 1443 554 1482 sensum
577 1425 613 1482 de
634 1422 775 1496 sensibus,
797 1423 885 1482 verba
906 1421 943 1481 de
963 1424 1068 1496 verbis,
1089 1445 1175 1503 para·

169 1518 251 1578 boias
276 1520 312 1580 de
334 1521 487 1599 parabolis,
511 1522 649 1599 profanae
672 1526 703 1581 et
726 1522 855 1580 aemulae
877 1521 945 1581 fidei
969 1527 1174 1599 attemperare.

171 1618 211 1677 Et
225 1617 290 1678 idco
304 1640 398 1696 neque
413 1641 431 1679 a
444 1620 560 1679 diabolo
574 1620 704 1679 immissa
722 1641 783 1678 esse
804 1620 948 1697 spiritalia
967 1621 1123 1698 nequitiae,
1137 1642 1175 1681 ex

171 1717 277 1795 quibus
292 1718 380 1777 etiam
396 1718 528 1778 haereses
542 1719 673 1792 veniunt,
690 1718 825 1778 dubitare
840 1719 906 1795 quis
920 1719 1014 1792 debet,
1029 1740 1123 1798 neque
1137 1722 1174 1781 ab

170 1812 337 1874 idololatria
350 1815 458 1876 distare
471 1815 612 1889 haereses,
624 1837 690 1876 cum
705 1823 735 1876 et
749 1817 874 1876 auctoris
891 1822 921 1875 et
935 1817 1030 1895 operis
1044 1819 1174 1878 eiusdem
1189 1841 1218 1890 15

171 1911 240 1985 sint,
254 1913 336 1973 cuius
350 1919 381 1973 et
395 1914 567 1974 idololatria.
609 1915 706 1974 Deum
723 1920 776 1974 aut
796 1916 913 1992 fingunt
931 1916 1020 1974 alium
1036 1917 1174 1977 adversus

171 2018 346 2085 creatorem;
370 2020 423 2074 aut
442 2013 468 2072 si
484 2013 601 2073 unicum
622 2020 782 2073 creatorem
803 2014 987 2086 confitentur,
1002 2014 1090 2074 aliter
1107 2035 1174 2074 eum

141 2104 147 2114 “
171 2109 327 2183 disserunt,
343 2132 430 2189 quam
444 2111 477 2169 in
490 2132 560 2171 vero
575 2118 628 2172 est.
671 2113 776 2189 Itaque
791 2132 874 2171 omna
888 2112 1079 2185 mendacium,
1095 2114 1173 2191 quod

172 2209 208 2268 de
222 2210 285 2268 Deo
300 2210 409 2283 dicunt,
425 2211 637 2289 quodammodo
651 2231 744 2288 genus
759 2219 803 2270 est
817 2210 1007 2271 idololatriae.

552 2319 685 2404 orror
706 2343 785 2402 xm.

204 2449 284 2509 vNori
306 2451 440 2510 omittam
464 2450 555 2529 ipsius
578 2451 666 2511 etiam
691 2443 919 2511 conversationis
940 2449 1103 2510 haereticae
1124 2451 1173 2511 de·
1189 2472 1219 2507 20

171 2580 273 2630 nentia'
284 2582 307 2631 is
318 2583 380 2631 used
391 2583 419 2631 of
427 2582 582 2632 seli-control
592 2584 619 2631 in
630 2583 681 2631 and
691 2582 757 2631 after
764 2584 896 2646 marriage,
910 2583 945 2632 ud
956 2597 1024 2631 uror.
1039 2596 1060 2630 1.
1072 2582 1103 2639 63
1122 2582 1174 2632 and

171 2659 193 2706 is
204 2661 348 2710 contrasted
362 2662 422 2710 with
436 2660 598 2726 ‘virginitas'
610 2662 641 2710 de
654 2664 717 2725 cirg.
730 2661 777 2710 cel.
792 2675 839 2717 10;
853 2661 913 2712 cdv.
924 2662 1010 2710 Marc.
1022 2676 1047 2711 v.
1062 2673 1099 2724 15.

204 2751 227 2799 3.
246 2742 412 2789 sacrificalia
430 2743 597 2789 ministeria.
632 2740 709 2789 From
728 2739 781 2788 this
798 2739 869 2804 point
886 2743 913 2788 to
930 2739 974 2788 the
991 2740 1041 2788 end
1052 2739 1081 2788 cf
1089 2739 1127 2789 ch.
1140 2755 1174 2803 44

171 2815 256 2867 C'cdec
266 2817 440 2881 Apobarda'naa
451 2819 473 2867 is
484 2820 602 2882 wanting.

203 2909 226 2957 4.
246 2898 433 2955 curiositates,
446 2897 581 2945 ‘fantastic
592 2893 710 2946 niceties'
717 2915 725 2954 ;
744 2911 786 2945 see
797 2900 862 2955 note,
875 2895 914 2945 ch.
925 2904 947 2957 7.

204 2987 226 3036 5.
244 2978 438 3024 morositatem
452 2997 474 3016 =
488 2975 752 3038 ‘scrupulositatem’;
781 2990 861 3037 comp.
884 2975 942 3025 odo.
966 2975 1050 3024 Marc.
1077 2976 1113 3024 iv.
1138 2987 1169 3038 35

172 3053 358 3102 ‘morositatem
369 3054 432 3118 legis
440 3054 464 3114 ’3
482 3053 532 3102 and
544 3055 572 3101 of
579 3053 623 3102 the
635 3054 732 3102 Mosaic
743 3053 822 3101 ritual
832 3050 865 3101 ib.
882 3052 908 3102 ii.
929 3055 958 3102 18
971 3052 1173 3102 ‘Sacrificiorum

170 3146 269 3194 quoque
280 3147 356 3180 onera
367 3136 393 3180 et
403 3133 596 3196 operantionum
611 3137 637 3180 et
649 3131 804 3180 oblationum
817 3132 960 3194 negotiosas
972 3132 1171 3195 scrupulositatis

170 3224 243 3258 nemo
253 3209 443 3273 reprehendit';
460 3212 496 3260 cd
505 3215 559 3261 out.
570 3210 596 3260 ii.
608 3225 639 3273 43
655 3212 686 3259 de
700 3211 761 3275 oisy.
773 3210 822 3258 cel.
836 3223 874 3259 12.

205 3300 242 3336 10.
261 3294 422 3338 sanctorum
446 3291 740 3339 christianorum=‘s
769 3289 863 3338 sanctis
886 3287 1037 3338 Christianis
1063 3287 1171 3352 scripta?

171 3365 221 3414 For
233 3368 406 3415 ‘sanctornm’
417 3367 504 3416 acori
514 3367 673 3431 conjectured
685 3366 735 3416 and
746 3365 872 3430 preferred
883 3366 1129 3416 ‘sacramentorum'

202 3444 285 3494 cm.
297 3444 446 3495 XLI.-2o.
463 3448 697 3495 conversationis.
732 3442 927 3505 ‘conversatio’
940 3445 992 3493 like
1005 3442 1172 3507 ‘disciplina,’

169 3521 191 3570 is
206 3523 267 3572 used
282 3524 317 3588 by
331 3524 376 3572 the
390 3524 466 3573 Latin
483 3525 591 3573 Fathers
608 3523 648 3572 for
658 3532 664 3552 ‘
674 3523 790 3582 conduct,
810 3524 882 3572 mode
902 3524 930 3571 oi
945 3520 1007 3583 life,'
1024 3523 1068 3571 the
1087 3523 1172 3572 Greek

170 3599 287 3662 πολιτεία,
301 3602 344 3650 the
355 3603 390 3651 N.
398 3602 427 3652 T.
439 3602 581 3665 ἀναστροφὴ
593 3602 660 3652 Heb.
674 3602 726 3650 xiii.
740 3611 753 3666 7
765 3618 771 3661 3
791 3616 802 3650 1
817 3602 873 3651 Pet.
884 3601 911 3649 ii.
925 3614 964 3651 12.
993 3601 1079 3664 (lomp.
1091 3601 1171 3650 above

168 3683 207 3732 ch.
222 3698 260 3746 23,
272 3694 310 3747 27,
322 3685 371 3733 and
383 3686 459 3750 again
475 3685 514 3734 ch.
526 3699 575 3748 43;
591 3685 619 3734 de
630 3685 693 3734 idol.
708 3699 755 3744 203
772 3685 803 3734 de
815 3700 896 3733 coron.
911 3686 941 3744 83
958 3684 993 3733 od
1003 3688 1078 3733 mari.
1092 3698 1120 3743 ²3
1139 3684 1171 3733 de

169 3763 336 3827 oir9.cel.1;
354 3764 388 3814 ad
400 3768 455 3813 act.
467 3765 483 3813 i.
498 3777 537 3824 10,
549 3764 575 3812 ii.
589 3779 619 3828 53
637 3763 667 3812 dc
678 3767 804 3824 crat.11;
822 3764 853 3812 de
864 3762 925 3811 cult.
930 3763 997 3826 fem.
1012 3763 1039 3812 ii.
1053 3775 1095 3822 103
1112 3762 1169 3811 ado.

169 3840 252 3890 Marc.
263 3841 280 3891 i.
294 3856 332 3904 ac,
346 3858 369 3891 v.
385 3857 423 3903 12,
438 3855 484 3907 143
500 3843 532 3891 de
541 3858 615 3909 paea.
630 3856 652 3905 1,
665 3856 689 3906 9,
700 3841 745 3892 bc.
