2724 4356
622 266 819 332 Tertulliani
1037 277 1108 342 [ese.
1125 285 1216 334 xuv.

583 508 715 569 CAPUT
737 509 844 568 XLIV.

256 645 398 702 Paolunu
419 643 490 702 haec
510 643 662 720 pressioris
684 642 762 719 apud
783 663 835 701 nos
856 641 1023 702 testimonia
1043 643 1216 721 disciplinae

214 743 251 801 ad
274 742 473 820 probationem
495 741 629 801 veritatis
650 742 797 813 accedunt,
817 763 834 800 a
855 763 913 820 qua
933 742 1079 802 divertere
1103 744 1215 802 nemini

214 842 342 920 expedit,
358 842 410 919 qui
424 841 590 900 meminerit
604 841 699 899 futuri
712 840 823 913 iudicii,
838 861 895 918 quo
916 862 1015 900 omnes
1031 862 1084 900 nos
1098 861 1215 902 necesse

214 947 259 1000 est
282 941 362 1018 apud
388 939 502 999 Christi
528 939 660 999 tribunal
688 939 812 1012 adstare,
838 940 993 998 reddentes
1014 939 1157 999 rationem
1181 941 1215 998 in

185 1055 199 1103 5
213 1039 314 1118 primis
327 1040 420 1118 ipsius
432 1039 509 1100 fidei.

255 1139 333 1214 Quid
370 1159 438 1215 ergo
473 1139 570 1197 dicent
613 1137 664 1215 qui
706 1137 788 1196 illam
827 1136 1029 1215 stupraverint
1066 1137 1213 1198 adulterio

212 1237 367 1310 haeretico,
383 1236 526 1314 virginem
544 1236 685 1296 traditam
700 1257 717 1295 a
732 1234 872 1295 Christol
916 1235 1011 1295 Credo
1033 1236 1212 1313 allegabunt,

212 1337 287 1395 nihil
307 1357 435 1414 unquam
457 1335 513 1395 sibi
533 1335 570 1394 ab
590 1335 641 1394 illo
655 1336 702 1394 vel
723 1334 760 1394 ab
781 1334 920 1412 apostolis
941 1335 1003 1393 eius
1023 1334 1059 1392 de
1073 1335 1167 1394 saevis
1181 1341 1213 1395 et

211 1435 357 1513 perversis
385 1433 526 1493 doctrinis
555 1434 662 1492 futuris
688 1432 929 1510 praenuntiatum
957 1439 987 1493 et
1016 1431 1052 1491 de
1076 1433 1213 1492 cavendis

170 1556 200 1590 ιο
212 1533 470 1609 abominandisque
480 1538 677 1610 praeceptum.
712 1530 882 1608 Agnoscent
894 1551 975 1590 suam
986 1533 1085 1608 potius
1097 1532 1212 1607 culpam

212 1637 242 1691 et
270 1652 396 1703 suorum,
425 1631 476 1708 qui
504 1651 556 1690 nos
583 1651 642 1689 non
670 1636 738 1688 ante
767 1635 1018 1706 praestruxerunt.
1073 1629 1213 1691 Adicient

141 1815 144 1822 '
211 1811 298 1860 habito
309 1807 454 1873 vultuque';
470 1825 511 1858 see
520 1809 551 1858 de
561 1809 622 1858 cult.
628 1809 691 1872 sem.
700 1807 726 1859 ii.
739 1820 767 1855 11
781 1807 871 1855 ‘Vobis
882 1811 969 1856 autem
979 1808 1050 1856 nulla
1061 1806 1212 1870 procedendi

211 1906 298 1939 caussa
314 1904 366 1937 non
382 1888 489 1937 taetrica
506 1888 629 1952 [=serc'a,
643 1886 740 1950 praeis]
759 1924 804 1936 ...
821 1887 877 1935 Aut
888 1885 1039 1934 sacrificium
1050 1886 1155 1936 offertur
1165 1891 1212 1936 aut

212 1969 260 2018 Dei
283 1984 362 2017 sermo
384 1967 589 2016 administratur:
618 1965 719 2030 quidvis
740 1965 831 2014 horum
858 1964 991 2027 gravitatis
1018 1971 1044 2014 et
1070 1966 1212 2014 sanctitatis

211 2048 339 2110 negotium
351 2050 398 2106 est,
409 2047 450 2093 eui
465 2061 526 2109 opus
541 2061 593 2093 non
610 2044 644 2093 sit
658 2044 747 2092 habitu
759 2041 971 2092 extraordinario!
1005 2043 1037 2090 In
1049 2045 1083 2094 ad
1099 2061 1169 2094 asor.
1182 2044 1209 2095 ii.

211 2141 227 2188 4
239 2125 272 2173 ‘si
285 2124 465 2190 procedendum
479 2121 543 2172 erit’
554 2122 601 2171 has
611 2122 655 2172 the
667 2139 735 2171 same
746 2121 871 2185 meaning.

243 2202 490 2252 OusP.XLIV.-1.
508 2202 657 2259 pressioris
669 2203 846 2262 disciplinae,
859 2199 899 2248 ‘oi
911 2217 928 2249 a
945 2201 1046 2249 stricter
1062 2200 1211 2265 discipline,'

210 2281 271 2332 such
282 2297 310 2330 as
321 2282 343 2331 is
355 2280 486 2330 described
497 2280 577 2344 Apol.
590 2292 628 2343 39.

244 2374 266 2422 3.
284 2376 380 2409 omnes
391 2375 443 2409 nos
454 2375 574 2418 necesse,
587 2361 633 2408 &a
648 2373 660 2406 2
673 2358 728 2407 Cor.
740 2374 764 2406 v.
779 2370 816 2405 ιο,

244 2447 266 2502 7.
283 2441 432 2497 virginem.
467 2437 554 2500 Comp.
569 2451 581 2484 2
594 2437 649 2486 Gor.
661 2437 695 2485 xi.
707 2450 727 2483 2.
762 2436 789 2483 It
800 2451 850 2484 was
862 2435 985 2499 probably
997 2451 1066 2485 some
1076 2436 1211 2500 figurative

210 2517 352 2580 expression
370 2517 422 2566 like
440 2516 491 2564 this
508 2516 536 2564 in
556 2515 599 2563 the
617 2518 673 2563 text
691 2515 748 2563 that
765 2530 829 2576 gave
846 2515 894 2563 rise
912 2519 939 2563 to
957 2514 1001 2562 the
1018 2514 1080 2563 false
1096 2515 1210 2564 scandals

209 2596 350 2659 respecting
365 2595 409 2644 the
424 2594 504 2643 moral
521 2593 651 2642 character
665 2592 693 2640 of
707 2591 795 2654 Cerdo,
808 2592 933 2652 Marcion,
945 2593 995 2642 and
1011 2593 1123 2656 Apelles.
1156 2593 1211 2642 The

210 2675 299 2739 phrase
311 2674 332 2721 is
342 2673 418 2722 taken
430 2673 495 2722 from
506 2671 673 2736 Hegesippus,
685 2671 777 2720 Euseb.
789 2671 824 2722 H.
833 2671 866 2720 E.
878 2671 914 2722 iii.
928 2685 958 2734 32
968 2687 974 2729 ;
986 2671 1019 2719 iv.
1035 2685 1072 2720 22.

275 2756 372 2802 credo.
407 2751 461 2800 The
472 2751 569 2799 intense
580 2750 652 2813 irony
663 2749 692 2797 cf
705 2749 756 2798 this
772 2766 876 2814 passage
887 2767 933 2798 can
948 2750 1037 2814 hardly
1050 2751 1081 2799 be
1093 2750 1211 2800 matched

209 2846 273 2880 even
284 2831 312 2878 in
323 2829 367 2878 the
378 2829 491 2893 writings
502 2828 530 2878 of
538 2828 681 2877 Tertullian
692 2828 799 2877 himself.
836 2825 946 2878 ‘Credo'
957 2829 980 2878 is
990 2829 1109 2892 repeated
1120 2829 1210 2890 below,

209 2909 258 2957 and
269 2913 411 2973 appearsto
422 2906 454 2956 be
465 2924 480 2955 a
492 2912 605 2970 stronger
616 2908 758 2969 expression
769 2907 833 2955 than
841 2905 1003 2957 Tertullian's
1015 2909 1087 2957 usual
1097 2900 1210 2971 “opinor'

209 2987 236 3035 in
247 2986 350 3035 ironical
362 3000 486 3050 passages,
499 3001 540 3033 see
551 2989 619 3045 note,
630 2983 669 3034 ch.
682 2997 704 3046 3.

241 3066 265 3114 8.
283 3068 383 3114 saevis.
418 3063 451 3113 So
472 3063 517 3111 the
539 3063 613 3112 MSS.
637 3063 687 3111 and
707 3061 772 3111 Edd.
795 3063 894 3128 (except
914 3064 975 3127 usp.
995 3063 1076 3128 seris).
1113 3063 1210 3114 Jaaaa

209 3143 341 3208 suggested
352 3144 446 3192 scaevis
458 3141 540 3191 which
554 3142 645 3192 netur
655 3142 750 3205 adopts.

243 3235 281 3271 10.
299 3225 469 3280 Agnoscent,
490 3238 523 3272 sc.
544 3220 658 3270 Christus
678 3225 704 3268 et
729 3219 849 3284 Apostoli.
883 3219 939 3270 Van
961 3219 1007 3270 der
1031 3221 1104 3270 Vliet
1126 3220 1210 3270 would

210 3299 299 3349 emend
310 3300 438 3363 Agnoscet
451 3298 596 3363 [Christus]

243 3392 280 3429 11.
298 3385 327 3429 et
339 3393 464 3439 suorum,
475 3378 518 3427 duc.
553 3378 606 3426 Τὴε
617 3376 693 3426 harsh
702 3376 798 3440 change
807 3376 835 3425 of
843 3376 940 3440 subject
950 3378 977 3426 in
986 3377 1029 3427 the
1038 3384 1155 3427 sentence
1163 3378 1210 3428 has

207 3458 270 3507 been
286 3457 442 3517 overlooked,
459 3457 510 3505 and
526 3456 570 3504 the
585 3456 659 3506 MSS.
678 3455 729 3504 and
745 3455 810 3504 Edd.
827 3455 925 3505 exhibit
941 3456 1112 3506 considerable
1128 3457 1209 3505 varla-

207 3536 399 3600 ticon-qnam
416 3536 516 3584 iliorum
534 3535 603 3598 uta,
614 3535 688 3584 Folo.
710 3535 781 3583 Ura:
803 3550 879 3598 quam
895 3550 996 3584 suorum
1014 3534 1102 3596 litem,
1118 3534 1207 3600 Gany,

207 3616 282 3665 Pam.
316 3615 369 3665 The
377 3620 433 3664 text
442 3614 539 3662 follows
550 3614 632 3670 Leia,
646 3613 699 3664 Gai.

273 3707 327 3744 nos
344 3709 402 3743 non
419 3699 492 3742 aute.
527 3692 560 3740 So
582 3692 678 3755 Gany,
695 3691 756 3751 aaa,
768 3691 860 3742 Pam:
879 3708 924 3740 nos
939 3697 999 3741 ante
1013 3692 1095 3754 Laid,
1111 3693 1208 3744 Rhea:

208 3787 252 3821 nos
263 3776 336 3820 tanto
347 3777 407 3821 ante
418 3771 489 3833 uey,
502 3771 578 3819 Falu.
596 3771 654 3820 Urs.

272 3852 414 3900 Adicient.
448 3850 502 3899 The
513 3850 610 3915 subject
622 3848 696 3898 shilts
708 3849 771 3899 back
782 3850 857 3914 again
867 3853 895 3898 to
906 3845 1059 3899 ‘haeretici’
