2724 4356
146 281 206 329 css.
222 273 328 339 xvll1.]
371 264 411 329 dc
432 264 693 346 Praescriptione
715 261 971 327 Haereticorum.
1103 272 1145 346 53

144 433 275 494 instituti
297 433 344 494 sui
364 433 554 507 intervertit3
575 439 607 493 et
628 433 654 493 si
674 433 780 511 recipit
800 453 859 491 non
874 431 981 510 recipit
997 431 1127 509 integras
1138 451 1147 506 3

145 541 177 594 et
203 535 229 594 si
256 534 444 612 aliquatenus
472 534 603 611 integras
633 536 773 611 praestat,
802 531 992 591 nihilominus
1020 531 1148 591 diversas

145 633 340 710 expositiones
354 638 549 692 commentata
563 631 717 691 convertit.
759 631 889 690 Tantum
902 629 1022 690 veritati
1037 631 1150 689 obstre-

144 731 192 809 pit
219 731 336 790 adulter
364 751 464 790 sensus
493 735 636 809 quantum
664 735 695 788 et
724 734 878 806 corruptor
899 729 995 788 stilus.
1047 728 1149 788 Vanae

144 829 394 908 praesumptiones
425 829 587 889 necessario
615 829 720 888 nolunt
747 848 903 905 agnoscere
931 848 965 886 ea
992 847 1045 904 per
1073 846 1176 903 quae5

144 928 344 988 revincuntur.
389 927 447 988 His
468 928 606 987 nituntur
620 949 694 1006 quae
715 948 752 986 ex
773 927 846 985 falso
867 931 1101 1004 composuerunt,
1118 933 1149 986 et

144 1047 218 1104 quae
239 1028 275 1087 de
296 1026 488 1104 ambiguitate
508 1034 656 1104 ceperunt.
700 1025 781 1100 Quid
801 1023 994 1103 promovebis,
1008 1024 1149 1083 exercita·

143 1125 256 1185 tissime
280 1126 503 1205 scripturarum,
528 1146 594 1184 cum
621 1125 647 1185 si
671 1125 744 1203 quid
768 1124 941 1195 defenderis,
964 1129 1088 1201 negetur
1112 1143 1148 1180 ex

144 1224 268 1297 diverso,
283 1224 308 1284 si
323 1225 395 1302 quid
414 1224 572 1302 negaveris,
587 1225 783 1284 defendaturi
824 1223 866 1282 Et
884 1229 918 1281 tu
936 1221 1054 1300 quidem
1073 1221 1148 1279 nihil

143 1323 247 1401 perdes
263 1323 321 1382 nisi
334 1343 434 1383 vocem
447 1323 480 1382 in
494 1323 686 1397 contentione,
703 1322 777 1380 nihil
791 1321 973 1398 consequeris
988 1320 1044 1380 nisi
1058 1320 1148 1379 bilem
1163 1339 1193 1376 10

143 1421 179 1482 de
193 1421 450 1500 blasphematione.

508 1678 643 1739 CAPUT
664 1679 784 1741 XVIII.

185 1828 262 1887 Inar
276 1849 353 1901 vero,
366 1829 392 1889 si
406 1827 472 1908 quis
486 1833 532 1889 est
545 1829 628 1888 cuius
642 1849 744 1888 caussa
757 1829 790 1886 in
800 1848 986 1905 congressum
997 1827 1147 1887 descendis

144 1927 364 2005 seripturarum,
386 1933 421 1987 ut
443 1948 510 1987 eum
533 1928 717 1988 dubitantem
738 1927 897 2000 confirmes,
921 1927 959 1986 ad
982 1926 1145 1998 veritatem,

144 2047 183 2085 an
197 2026 291 2103 magis
312 2026 350 2086 ad
370 2027 503 2086 haereses
524 2028 684 2104 devergetl
728 2028 793 2085 Hoc
814 2026 877 2103 ipso
899 2032 1003 2097 motus,
1018 2026 1095 2104 quod
1116 2030 1146 2084 te

145 2125 245 2185 videat
263 2125 339 2184 nihil
359 2126 545 2204 promovisse,
560 2146 653 2204 aequo
671 2124 766 2203 gradu
785 2126 912 2202 negandi
926 2131 956 2185 et
970 2125 1145 2184 defendendi
1160 2150 1190 2201 15

179 2311 422 2362 CasP.XVII.-1.
439 2315 610 2363 intervertit.
644 2312 684 2361 On
705 2310 826 2360 hereticel
848 2311 996 2361 mutilation
1019 2311 1069 2360 and
1091 2328 1147 2375 per-

144 2391 244 2439 version
266 2390 295 2439 oi
312 2391 358 2440 the
377 2389 527 2455 Scripturas,
543 2406 585 2440 see
603 2390 641 2440 eh.
663 2390 709 2452 383
732 2390 783 2439 and
801 2406 880 2454 comp.
900 2390 1056 2454 Hippolytus
1075 2392 1146 2454 apat

144 2468 236 2518 Euseb.
247 2485 272 2518 v.
289 2469 327 2517 28.

179 2560 202 2608 3.
220 2549 368 2608 obstrepit,
381 2544 517 2607 ‘hinders,’
531 2544 659 2610 ‘injures,‘
677 2562 704 2594 as
724 2545 753 2593 in
772 2545 863 2594 Florus
881 2545 915 2594 iv.
929 2558 974 2610 293
994 2561 1023 2593 or
1038 2545 1146 2609 perhaps

146 2624 283 2686 ‘distorta’
303 2622 448 2688 ‘perverts’
463 2640 491 2673 as
506 2623 533 2672 in
544 2623 602 2672 Val.
614 2622 686 2672 Max.
698 2624 753 2671 viii.
768 2636 806 2685 15.
819 2625 842 2672 8.
876 2623 961 2687 Comp.
974 2622 1043 2674 hen.
1054 2624 1090 2673 iii.
1105 2637 1144 2675 1².

147 2716 192 2766 153
208 2703 288 2752 Glem.
299 2703 375 2752 Alex.
387 2701 483 2752 Strom.
496 2703 539 2752 vii.
555 2701 600 2761 163
616 2702 753 2765 Angustia.
768 2701 851 2751 Hoer.
864 2712 903 2766 70.

176 2797 202 2846 4.
220 2784 333 2832 adulter
354 2795 488 2831 sensus=
504 2780 701 2844 ‘expositionum
723 2777 872 2841 mendacia,'
892 2780 931 2828 ch.
958 2780 1003 2836 18;
1032 2783 1064 2829 ‘a
1083 2780 1146 2830 false

144 2858 270 2924 exegesis!

209 2942 358 2994 corruptor
368 2935 628 2986 stilus-‘adulteria
642 2935 842 3000 scripturarum,'
853 2937 892 2986 ch.
907 2938 936 2984 18
948 2954 954 2997 ;
972 2944 1002 2986 ‘a
1016 2937 1146 3001 tampered

144 3015 214 3066 text?
247 3015 287 3064 On
298 3015 378 3076 stilae,
391 3031 431 3063 see
443 3018 510 3075 note,
522 3014 560 3063 cb.
574 3016 613 3076 38.

210 3096 314 3143 Vanae.
348 3093 390 3141 Fu
403 3094 422 3143 J
424 3092 506 3141 unius'
516 3093 600 3157 happy
611 3091 749 3141 correction
760 3092 789 3142 oi
795 3091 841 3142 the
852 3093 927 3145 MSS.
941 3098 948 3123 ‘
959 3092 1060 3142 variae?

177 3166 201 3217 6.
219 3182 291 3224 quae
310 3181 345 3216 ex
359 3169 432 3216 falso
449 3172 677 3226 composuerunt,
695 3182 716 3216 e.
725 3183 748 3230 g.
765 3166 810 3216 the
824 3167 923 3216 Psalms
940 3167 968 3216 os
983 3167 1145 3226 Valentinus,

145 3245 176 3295 de
191 3261 261 3294 cora.
281 3244 340 3293 aar.
358 3254 397 3308 17,
417 3258 460 3304 ²03
477 3245 521 3293 the
538 3244 702 3293 Phaneroseis
720 3245 748 3293 oi
764 3245 879 3309 Apelles,
897 3244 936 3294 oh.
958 3245 1145 3308 303Ps.·'1”ert.

144 3323 204 3374 ade.
216 3322 284 3372 does.
297 3320 327 3381 6;
344 3337 424 3386 comp.
435 3322 503 3371 Iren.
515 3322 551 3371 iii.
565 3335 603 3370 11.
618 3335 656 3382 12,
668 3322 697 3371 of
710 3323 754 3371 the
769 3321 831 3371 salse
847 3324 934 3387 gospel
950 3323 978 3372 oi
992 3323 1037 3372 the
1051 3323 1144 3372 Valen-

144 3405 248 3466 tiniana
261 3405 314 3453 ‘Hi
327 3420 385 3453 vero
396 3407 442 3469 qui
453 3410 539 3454 sunta
550 3404 798 3465 Valentino,iterum
807 3406 956 3455 exsistentes
966 3411 1038 3455 extra
1046 3421 1145 3454 omnem

143 3483 267 3543 timorem,
280 3497 338 3531 suas
349 3482 545 3547 conscriptiones
554 3482 715 3548 proferentes,
728 3483 801 3547 plura
811 3482 905 3532 habere
912 3484 1061 3547 gloriantur,
1069 3499 1145 3548 quam

143 3562 196 3612 sint
206 3561 261 3625 ipsa
272 3560 411 3624 Evangelia
428 3597 435 3610 .
452 3595 459 3610 .
480 3597 486 3610 .
505 3558 527 3610 .’

178 3649 202 3703 7.
221 3642 255 3687 de
268 3641 453 3696 ambiguitate
460 3640 495 3679 =‘
504 3642 607 3702 propter
617 3637 825 3702 ambiguitatem.¹

178 3730 216 3766 11.
234 3719 485 3774 blasphematione.
518 3716 580 3766 This
591 3716 661 3766 werd
676 3717 728 3767 and
744 3719 778 3767 Its
793 3723 909 3782 cognatas
922 3734 964 3768 are
975 3717 1034 3768 read
1045 3718 1105 3784 only
1115 3717 1143 3767 iu

144 3794 323 3846 eeclesiastical
334 3793 420 3845 Latin
