2724 4356
203 264 263 326 142
473 248 671 313 Tertulliani
691 248 739 312 ad
754 249 939 333 Scapulam.

200 420 315 492 aetatis,
344 420 439 479 omnis
474 419 637 499 dignitatis,
666 419 857 481 offerentibus
892 443 922 482 sc
956 421 1034 481 tibit
1077 422 1205 498 Quantis

200 518 326 596 ignibus,
361 519 479 600 quantis
510 519 617 598 gladiis
649 540 722 598 opus
748 519 824 579 eritl
857 520 930 597 quid
959 520 1025 599 ipsa
1054 521 1204 600 Carthago

200 638 321 695 passura
335 626 388 696 est,
405 619 578 679 decimanda
591 639 609 677 a
622 623 660 690 te,
675 639 741 678 cum
760 618 946 697 propinquos,
963 641 1029 679 cum
1049 621 1205 680 contuber-

200 718 280 776 nales
309 739 376 778 suos
403 717 464 778 illic
488 716 690 795 unusquisque
714 718 890 795 cognoverit,
917 739 984 778 cum
1007 718 1117 779 viderit
1140 718 1203 779 illic

173 817 324 877 5fortasse
351 824 382 877 et
410 817 458 877 tui
486 816 596 876 ordinis
620 816 700 876 viros
728 823 758 875 11
784 822 943 889 matronas,
968 822 998 876 et
1025 817 1205 896 principales

200 935 330 993 quasque
352 937 497 994 personae,
513 921 543 974 11
563 915 723 974 amicorum
743 920 862 974 tuorum
884 916 932 974 vel
953 916 1134 994 propinquos
1155 917 1205 978 vel

200 1014 330 1074 amicost
373 1016 463 1075 Parce
484 1033 553 1091 ergo
573 1014 640 1086 tibi,
655 1013 680 1072 si
699 1033 757 1073 non
779 1014 871 1073 nobis.
914 1014 1004 1074 Parce
1019 1014 1203 1094 Carthagini,

201 1113 226 1171 si
253 1133 312 1171 non
338 1114 403 1172 tibi.
444 1111 536 1172 Parce
564 1112 741 1190 provinciae,
764 1133 839 1189 quae
866 1113 930 1173 visa
957 1113 1122 1174 intentione
1149 1118 1203 1176 tua

201 1210 326 1270 obnoxia
346 1212 424 1272 facta
445 1216 489 1270 cst
510 1209 748 1271 concussionibus
769 1216 799 1270 et
819 1210 949 1271 militum
968 1217 999 1271 11
1018 1211 1203 1273 inimicorum

158 1334 188 1369 10
200 1329 319 1369 suorum
334 1309 482 1387 cuiusque.
524 1308 699 1386 Magistrum
713 1309 859 1369 neminem
872 1310 1020 1384 habemus,
1036 1311 1094 1369 nisi
1108 1312 1203 1371 Deum

200 1409 302 1468 solum.
346 1408 405 1467 Hic
425 1413 494 1467 ante
514 1412 545 1467 11
566 1414 619 1481 est,
634 1429 687 1468 nec
709 1408 846 1468 abscondi
866 1414 972 1487 potest,
988 1410 1038 1469 sed
1059 1409 1106 1470 cui
1127 1410 1204 1469 nihil

200 1502 295 1562 facere
314 1501 417 1580 possis.
459 1502 596 1562 Ceterum
617 1523 688 1580 quos
708 1508 796 1581 putas
816 1502 873 1563 tibi
890 1503 1056 1581 magistros,
1071 1503 1203 1565 homines

200 1605 319 1660 suntet
339 1602 396 1679 ipsi
412 1601 549 1660 morituri
569 1603 751 1679 quandoque.
792 1602 856 1662 Nec
876 1608 976 1662 tamen
996 1602 1113 1662 deficiet
1132 1604 1203 1663 haec

201 1705 287 1771 secta,
304 1720 392 1777 quam
410 1705 481 1759 tunc
499 1699 592 1777 magis
611 1700 761 1760 aedificari
783 1700 865 1774 scias,
886 1722 954 1760 cum
974 1701 1056 1760 caedi
1072 1702 1202 1762 videtur.

158 1821 187 1871 15
201 1798 331 1875 Quisque
346 1799 424 1858 enim
438 1798 1054 1877 1111111111111111111111111111111,1111111111
1066 1801 1204 1879 scrupulo

200 1917 362 1974 percussus,
381 1902 411 1956 et
427 1897 575 1976 inquirere
593 1897 772 1971 accenditur,
786 1898 858 1976 quid
871 1898 911 1957 sit
924 1897 956 1956 in
975 1919 1085 1972 caussa,
1101 1906 1132 1959 11
1149 1898 1203 1959 ubi

201 1996 368 2072 cognoverit
381 1994 546 2069 veritatem,
561 2001 591 2056 11
605 1996 669 2074 ipsc
683 1995 786 2056 statim
800 1996 941 2074 sequitur.

267 2205 359 2251 omnis
381 2217 472 2252 sexus.
513 2203 564 2267 tq.
587 2203 719 2268 utriusque
741 2219 830 2264 sexus3
857 2219 885 2253 so
902 2203 978 2268 again
993 2204 1067 2269 Apol.
1082 2219 1112 2266 1;
1135 2205 1202 2255 Min.

202 2279 255 2329 Fel.
269 2295 292 2344 9.
306 2282 352 2340 283
370 2280 487 2330 Lactant.
499 2282 517 2330 i.
531 2294 570 2343 20,
583 2295 624 2344 25.

235 2360 512 2421 8.11111111111111111,
532 2361 584 2424 ‘by
602 2376 666 2424 your
684 2357 820 2424 purpose’:
849 2376 883 2409 an
906 2361 1014 2410 unusual
1035 2363 1154 2427 meaning
1176 2361 1205 2411 oi

201 2436 210 2463 ‘
218 2436 355 2497 intentio'3
371 2438 418 2487 but
430 2453 470 2486 see
482 2437 548 2488 Plin.
561 2439 660 2500 Pancq.
676 2438 724 2501 783
742 2438 839 2501 Digest.
850 2439 936 2488 xxxiv.
950 2454 973 2495 1,
987 2453 1026 2489 10.

235 2530 259 2579 9.
276 2519 399 2565 obnoxia
412 2553 418 2566 .
431 2554 437 2566 .
451 2555 457 2567 .
470 2519 715 2577 concussionibus,
735 2519 742 2543 ‘
751 2516 827 2566 liablc
846 2522 872 2566 to
891 2518 988 2567 violent
1007 2518 1145 2568 extortions
1164 2521 1203 2582 (to

201 2598 272 2642 avcrt
294 2595 448 2655 accusation)
470 2599 498 2644 at
519 2595 563 2644 the
585 2594 665 2644 hands
689 2596 717 2643 of
740 2595 785 2645 1111
807 2596 917 2660 soldiery
938 2596 989 2646 and
1012 2595 1080 2646 one’s
1102 2598 1204 2662 private

202 2669 326 2720 cnemies!
359 2672 406 2721 See
415 2677 474 2721 11111
484 2672 524 2721 ch.
535 2687 566 2735 4;
583 2689 663 2737 comp.
675 2673 768 2737 desua.
781 2675 810 2722 c'n
817 2689 884 2738 pera.
899 2688 928 2722 12
939 2691 946 2735 ;
961 2674 1040 2739 Apol.
1053 2684 1075 2736 7.

237 2761 275 2798 10.
295 2753 464 2807 Magistrum
475 2754 619 2800 neminem
630 2755 775 2802 habemus.
808 2752 884 2816 Apol.
896 2766 944 2816 343
961 2755 992 2803 dc
1003 2753 1069 2805 ialal.
1084 2753 1124 2804 18.

237 2841 275 2876 12.
293 2832 451 2888 magistros,
464 2832 601 2879 homines.
634 2829 768 2893 11111133.

238 2919 276 2968 14„
293 2910 362 2956 tunc
374 2909 465 2964 magis
477 2908 628 2957 aedificari.
662 2907 738 2973 Apol.
753 2922 792 2972 50.
