2724 4356
214 286 258 368 48
336 381 339 385 ⁴
621 288 823 354 Tertulliani
1062 298 1134 365 [cn.
1150 305 1219 355 run.

214 464 245 519 et
259 459 412 538 transfuga
426 465 457 520 et
471 461 612 521 rebellisl
651 461 751 522 Etiam
765 481 838 520 anus
852 459 904 519 illa
918 459 999 520 intra
1008 464 1122 522 tectum
1133 481 1220 521 suum

213 556 383 617 drachmam
414 557 599 636 requirebat:
630 558 719 618 etiam
753 558 886 637 pulsator
909 557 961 618 ille
982 557 1073 618 viciui
1101 557 1220 618 ianuam

212 655 375 715 tundebat:
409 655 498 715 etiam
525 655 618 716 vidua
644 656 697 715 illa
724 677 783 715 non
810 655 973 729 immicum,
1001 655 1073 716 licet
1101 657 1219 728 durum,

212 753 340 813 iudicem
372 752 587 832 interpellabat.
637 754 733 814 Nemo
764 755 834 814 inde
864 753 976 814 instrui
1003 760 1110 833 potest,
1140 754 1219 814 unde

184 851 396 917 idestruitur:
418 873 503 912 nemo
525 853 562 912 ab
586 873 619 913 eo
642 852 838 926 illuminatur,
862 874 881 912 a
904 873 961 931 quo
984 854 1219 913 contenebratur.

213 949 395 1025 Quaeramus
409 971 478 1028 ergo
498 951 530 1010 in
548 956 658 1020 nostro,
673 955 704 1011 et
717 971 736 1010 a
749 950 868 1024 nostris,
884 955 915 1009 et
931 950 968 1011 de
987 956 1106 1011 nostro:
1130 951 1218 1029 idque

213 1047 369 1108 dumtaxat
396 1049 483 1128 quod,
507 1049 587 1108 salva
610 1049 712 1126 regula
733 1047 811 1126 fidei,
838 1053 938 1126 potest
959 1047 991 1108 In
1015 1047 1218 1127 quaestionem

212 1147 359 1208 devenire.

585 1376 719 1440 CAPUT
742 1377 837 1438 XIII.

254 1546 387 1606 Rnonna
408 1551 457 1626 ‘est
481 1551 580 1605 autem
603 1545 681 1619 fidei,
704 1550 740 1606 ut
763 1544 822 1604 iam
844 1545 913 1606 hinc
936 1546 1006 1623 quid
1027 1545 1217 1606 defendamus

168 1669 200 1705 10
212 1644 411 1723 profiteamur,
429 1644 481 1703 illa
502 1643 616 1704 scilieet
636 1664 696 1720 qua
717 1644 849 1704 creditur
868 1666 960 1705 unum
981 1645 1099 1704 omnino
1119 1645 1217 1703 Deum

212 1766 276 1806 esse
297 1766 349 1806 nec
370 1746 461 1805 alium
481 1750 599 1823 praeter
619 1746 723 1804 mundi
743 1746 932 1819 conditorem,
955 1747 1006 1826 qui
1022 1746 1160 1806 universa
1180 1746 1217 1805 de

213 1845 305 1903 nihilo
315 1843 490 1922 produxerIt
498 1865 552 1922 per
561 1844 692 1905 Verbum
702 1866 787 1905 suum
795 1846 892 1922 primo
903 1846 1033 1905 omnium
1044 1846 1216 1906 demissum:

212 1944 244 2002 id
269 1944 399 2003 Verbum
426 1943 535 2002 Filium
563 1943 628 2005 eius
651 1945 841 2022 appellatum,
866 1944 899 2004 in
919 1945 1035 2004 nomine
1056 1943 1114 2004 Dei
1134 1944 1216 2004 varie

211 2042 309 2102 visum
323 2064 341 2101 a
361 2041 546 2120 patriarchis,
560 2043 592 2101 in
611 2043 762 2122 prophetis
778 2063 893 2122 semper
911 2043 1053 2117 auditum,
1068 2050 1216 2121 postremo

245 2262 327 2313 Onsr.
340 2262 464 2327 XII-4
483 2265 694 2321 Interpellabat.
728 2263 790 2313 nnis
801 2263 873 2313 word
884 2279 990 2328 appears
1001 2268 1028 2312 to
1035 2264 1068 2313 be
1077 2264 1138 2313 used
1146 2264 1215 2314 tech-

211 2342 316 2407 nically,
333 2342 386 2390 like
404 2341 611 2406 ‘interpellata’
623 2342 713 2406 Digest
729 2359 753 2391 v.
768 2356 789 2401 1,
803 2355 849 2404 233
865 2343 882 2394 i.
897 2341 935 2405 16,
951 2342 1007 2403 188,
1020 2342 1049 2391 oi
1063 2344 1215 2409 ‘appealing

212 2425 240 2470 to
252 2437 267 2468 a
275 2420 371 2484 judge.'
404 2419 490 2484 Gomp.
502 2421 537 2469 nd
548 2419 627 2485 Scap.
639 2433 663 2482 3.

245 2497 329 2548 (Inar.
344 2498 485 2562 XIII-9.
503 2501 614 2557 Regula
631 2537 637 2549 .
657 2535 662 2548 .
681 2534 687 2547 .
705 2501 781 2548 soei.
814 2499 900 2564 Oomp.
919 2501 949 2549 dc
967 2499 1031 2564 virg.
1051 2498 1094 2550 ecl.
1112 2513 1139 2560 13
1156 2500 1214 2550 ede.

212 2576 294 2626 Prae.
308 2590 338 2636 a;
355 2577 429 2639 Apol.
446 2587 486 2642 17,
500 2589 546 2636 213
563 2577 684 2626 Irenaeus
695 2578 712 2626 i.
727 2591 771 2638 103
789 2578 823 2627 iv.
837 2576 875 2629 26.

248 2668 287 2706 12.
305 2658 467 2704 demissum.
495 2655 718 2719 Sodgat.,1li9.:
737 2653 995 2720 ‘emIssum’rele'qai
1024 2655 1080 2705 Itis
1091 2661 1137 2705 not
1147 2657 1215 2705 clear

212 2732 327 2781 whether
336 2733 476 2782 Tertullian
488 2734 591 2783 intends
602 2733 637 2799 by
648 2733 701 2783 this
718 2733 809 2798 phrase
828 2734 872 2783 the
891 2734 998 2783 Eternal
1017 2733 1173 2784 Generation
1189 2733 1218 2783 of

212 2811 257 2860 the
275 2811 334 2873 Son,
355 2828 384 2860 or
401 2811 451 2861 His
468 2811 545 2876 going
561 2811 631 2861 forth
650 2817 678 2861 to
694 2818 778 2861 create
799 2813 844 2861 the
865 2813 953 2862 world.
987 2813 1079 2862 Either
1100 2812 1214 2876 reading,

214 2887 378 2938 ‘demissum’
397 2906 425 2938 or
442 2889 594 2951 ‘omissumss
609 2889 695 2939 would
713 2892 764 2939 suit
783 2890 827 2940 the
847 2891 927 2940 latter
945 2892 1149 2956 interpretation,
1167 2892 1215 2940 but
1311 2885 1312 2890 ¹

212 2966 314 3017 neither
331 2967 353 3016 is
373 2983 389 3016 a
408 2967 510 3033 strictly
531 2968 657 3018 technical
680 2969 824 3032 expression
846 2969 885 3018 ior
907 2969 951 3019 the
972 2969 1071 3031 former,
1092 2969 1215 3034 although

212 3044 374 3095 Tertullian‘s
385 3045 510 3111 langnage
522 3047 549 3095 in
558 3047 631 3096 other
641 3063 759 3112 passages
770 3048 938 3098 issomewhat
946 3049 1059 3100 similar:
1077 3066 1098 3100 e.
1106 3066 1130 3114 g.
1140 3049 1213 3112 Apol.

215 3137 243 3171 21
265 3123 357 3172 ‘Hunc
380 3141 411 3173 ex
433 3124 488 3174 Deo
508 3126 635 3189 prolatum
658 3125 803 3174 didiscimus
826 3131 852 3176 et
873 3129 1013 3191 prolatione
1035 3129 1214 3193 generatum';

212 3202 270 3251 ade.
283 3203 363 3252 Prae.
377 3216 400 3263 a,
414 3212 436 3267 7.
469 3203 524 3252 The
542 3203 668 3253 technical
686 3204 782 3254 defecta
799 3205 827 3253 in
844 3206 905 3255 such
921 3206 1096 3270 phraseology,
1106 3206 1213 3267 viewed,

212 3279 271 3329 that
281 3281 312 3342 is,
323 3280 351 3328 in
361 3281 406 3330 the
417 3281 483 3346 light
500 3281 529 3330 oi
544 3282 698 3346 subsequent
715 3282 854 3347 definition,
867 3300 911 3334 are
928 3284 1103 3348 compensated
1118 3285 1154 3348 by
1169 3285 1214 3334 the

211 3363 328 3409 contexte
346 3361 373 3408 in
393 3359 465 3410 these
483 3360 533 3409 and
552 3361 626 3410 other
641 3376 767 3425 passages,
785 3362 869 3411 which
887 3368 968 3413 assert
983 3364 1010 3412 in
1021 3363 1213 3429 unmisbakable

211 3441 291 3486 terme
307 3437 352 3486 the
368 3437 509 3502 coeternity
528 3438 579 3487 and
595 3439 785 3504 coessentiality
797 3439 826 3488 oi
837 3440 882 3489 the
897 3440 948 3490 Son
963 3440 1026 3491 with
1043 3441 1087 3490 the
1104 3441 1214 3490 Father:

212 3531 265 3579 e.g.
281 3516 339 3566 ado.
352 3515 435 3567 Prae.
448 3517 462 3566 8
476 3515 578 3566 ‘Sermo
595 3516 622 3564 in
638 3517 716 3566 Patre
732 3533 840 3584 semper,
858 3554 864 3567 .
883 3555 889 3568 .
908 3555 915 3568 .
932 3535 1062 3584 nunquam
1081 3525 1213 3584 separatus

212 3610 228 3643 a
246 3593 353 3654 Patre’;
378 3593 410 3644 ib.
432 3609 450 3658 4
473 3595 582 3644 ‘Filium
609 3611 661 3643 non
688 3595 792 3645 abunde
819 3596 916 3646 deduco
940 3597 985 3646 sed
1012 3598 1044 3647 de
1071 3599 1214 3648 substantia

212 3670 328 3731 Patris’;
345 3671 472 3737 ab.6.19;
489 3673 566 3738 Apol.
579 3685 607 3721 21
622 3673 733 3722 ‘Filium
749 3673 799 3723 Dei
815 3678 842 3723 et
859 3674 941 3724 Deum
958 3675 1054 3726 dictum
1070 3692 1101 3725 ex
1113 3677 1214 3726 unitate

212 3749 386 3800 substantiae?

248 3841 286 3891 14.
303 3831 397 3878 visum
410 3844 427 3879 a
441 3831 618 3888 patriarchis.
651 3828 713 3879 nme
726 3846 778 3881 was
792 3830 837 3881 the
848 3831 951 3896 general
965 3831 1030 3882 view
1042 3831 1070 3882 oi
1085 3831 1129 3881 the
1143 3837 1213 3882 ante·
