2724 4356
158 284 219 331 cn.
235 275 340 343 nint]
379 268 420 332 de
440 268 702 351 Praescrrptione
723 268 983 334 Haereticcrum.
1115 285 1155 356 95

156 438 345 517 philosophis,
375 440 539 499 curiositati
574 440 685 499 scilicet
712 439 828 500 deditis.
884 441 1024 515 Quaerite
1053 448 1083 502 et
1110 442 1156 501 in·

157 538 290 611 venietis,
304 538 412 613 ubique
434 539 637 598 meminerunt.
680 537 762 621 Adeo
783 539 868 598 etde
887 560 993 616 genere
1007 560 1157 601 conversa·

156 636 246 697 tionis
280 637 407 714 qualitas
435 637 505 696 fidei
532 637 679 697 aestimari
714 642 819 714 potest.
876 638 1033 699 Doctrinae
1067 640 1155 699 index

156 735 313 814 disciplina
340 742 393 794 est.
450 736 570 813 Negant
597 735 695 795 Deum
724 736 902 796 timendum:
939 737 1038 816 itaque
1065 739 1157 799 libere

155 840 225 894 sunt
246 834 307 893 illis
327 835 425 893 omnia
444 840 474 894 et
493 835 597 894 soluta.
640 834 701 894 Ubi
722 841 821 895 autem
841 836 922 895 Deus
943 857 1001 895 nou
1024 837 1183 910 timetur,5

155 933 214 992 nisi
234 933 285 991 ubi
306 953 363 991 nou
384 936 449 993 esti
492 933 554 993 Ubi
575 933 655 993 Deus
676 954 735 992 non
756 941 808 1006 est,
825 954 877 993 nec
891 937 1000 995 veritas
1020 937 1082 996 ulla
1103 942 1156 997 est.

156 1031 217 1090 Ubi
232 1032 340 1092 veritae
360 1032 442 1092 nulla
462 1038 516 1104 est,
532 1033 636 1092 merito
650 1039 680 1092 et
694 1033 762 1092 talis
777 1033 933 1111 disciplina
955 1042 1007 1094 est.
1050 1035 1091 1095 At
1105 1036 1156 1095 ubi

155 1131 245 1203 Deus,
259 1129 302 1190 ibi
322 1138 417 1190 metus
439 1131 470 1188 in
485 1131 589 1203 Deum,
605 1131 656 1208 qui
677 1138 721 1190 est
742 1130 860 1191 initium
884 1132 1053 1210 sapientiae.
1096 1134 1156 1194 Ubi

155 1234 251 1288 metus
265 1229 298 1288 in
312 1231 415 1303 Deum,
430 1230 473 1289 ibi
491 1229 621 1307 gravitas
641 1230 771 1302 honesta,
788 1237 818 1290 et
838 1230 990 1308 diligentia
1010 1233 1154 1308 adtonita,

154 1333 184 1387 et
212 1349 282 1388 cura
309 1329 442 1401 sollicite,
471 1334 501 1388 et
531 1328 655 1388 adlectio
683 1329 844 1406 explorata,
873 1336 904 1389 et
931 1331 1156 1392 communicatio
1172 1352 1201 1388 ro

154 1426 323 1498 deliberata,
348 1433 378 1487 et
405 1427 550 1505 promotio
575 1427 706 1499 emerita,
729 1432 759 1487 et
786 1428 929 1504 subjectio
954 1429 1097 1508 religiose,
1125 1436 1156 1490 et

153 1525 300 1603 apparitio
321 1526 433 1598 devota,
456 1531 486 1585 et
507 1527 652 1604 processio
673 1527 813 1600 modesta,
830 1534 860 1586 et
880 1527 1000 1588 ecclesia
1018 1529 1111 1602 uuita,
1126 1535 1156 1588 et

153 1622 210 1683 Dei
225 1624 330 1684 omnia.

152 1789 293 1854 performed
305 1791 339 1854 by
350 1806 397 1839 one
408 1789 437 1838 oi
444 1789 505 1840 euch
517 1807 583 1840 men.
617 1790 713 1853 Celsus,
723 1807 746 1840 v.
758 1800 796 1855 ²7·
807 1805 829 1854 3,
839 1808 895 1841 uses
904 1792 948 1841 the
957 1793 1026 1842 word
1037 1792 1066 1842 oi
1073 1795 1155 1858 quaolr

152 1869 351 1918 medicine-men.
385 1870 471 1932 Comp.
483 1870 513 1919 de
525 1869 586 1918 idol.
599 1883 622 1933 9,
634 1869 719 1919 where
730 1869 816 1918 Simon
832 1869 924 1934 Magus
939 1870 961 1920 is
976 1871 1070 1936 spoken
1085 1872 1112 1921 oi
1127 1887 1154 1921 as

152 1947 286 2012 belonging
294 1951 321 1996 to
332 1947 504 1996 ‘circulatoria
514 1944 611 2006 secta';
628 1946 678 1995 and
689 1947 763 2012 Apol.
777 1962 817 2011 23,
828 1948 910 1998 where
921 1949 1067 2015 magicians’
1076 1950 1155 2000 triclm

152 2041 196 2074 are
206 2025 335 2075 described
345 2041 373 2074 as
387 2025 491 2075 effected
503 2025 681 2076 ‘circulatoriis
691 2026 839 2091 praestigiis.

184 2107 342 2162 astrologis.
376 2104 470 2154 Ireni.
487 2117 524 2154 10.

186 2194 208 2232 1.
227 2184 360 2251 Quaerite
372 2187 401 2230 et
412 2185 575 2232 invenietis.
609 2181 656 2230 See
666 2183 752 2243 above,
765 2181 804 2232 ch.
816 2182 839 2230 8.
944 2203 951 2216 ·

186 2275 208 2309 2.
225 2263 457 2310 conversationis.
492 2260 538 2309 See
550 2264 616 2320 note,
629 2259 667 2308 ch.
680 2273 719 2323 41.

184 2341 383 2403 4disciplina.
419 2338 543 2400 Seenote,
557 2336 631 2390 ch.6.

216 2420 312 2475 itaque
323 2420 421 2477 libera,
433 2417 478 2466 irc.
510 2418 549 2466 As
560 2421 676 2480 amongst
686 2416 731 2466 the
743 2417 867 2474 Quiritem
885 2416 924 2467 cb.
938 2431 977 2480 33.

184 2497 207 2545 8.
224 2498 275 2553 qui
286 2501 330 2544 est
341 2498 458 2546 initium
469 2498 633 2553 sapientiae.
668 2495 709 2546 Pe.
723 2495 770 2545 cxi.
785 2509 831 2557 103
848 2495 921 2547 Prov.
934 2498 969 2545 ix.
983 2510 1022 2545 ro.

184 2588 206 2637 9.
225 2576 368 2623 adtonita:
387 2574 431 2624 ie.
445 2577 523 2638 ‘quae
534 2589 632 2638 semper
643 2578 682 2622 eet
696 2574 724 2622 in
734 2578 804 2623 metu
815 2590 848 2623 ue
859 2574 921 2637 quid
930 2573 1029 2638 peccet’
1042 2573 1134 2640 (Rip).

185 2665 223 2701 10.
240 2655 375 2701 adlectio:
400 2668 432 2702 ec.
456 2653 499 2701 ‘in
522 2652 635 2701 ordinem
658 2650 870 2703 ecclesiasticum!
904 2654 1028 2717 Adleyere
1045 2654 1067 2703 ie
1091 2654 1151 2703 thus

151 2732 301 2797 specifically
313 2732 373 2781 used
387 2733 419 2781 de
429 2733 491 2784 idol.
504 2747 535 2796 93
552 2734 583 2782 de
594 2733 691 2782 echert.
704 2737 763 2783 cust.
778 2743 791 2796 7
807 2733 911 2797 ‘Usque
922 2734 985 2783 adeo
997 2735 1045 2782 nisi
1056 2739 1082 2784 et
1092 2734 1151 2784 laici

150 2828 180 2861 ea
190 2811 323 2860 observent
338 2827 382 2874 per
393 2827 458 2875 quae
470 2812 611 2876 presbyteri
619 2812 780 2876 adleguntur,
793 2812 916 2876 quomodo
927 2819 1002 2862 erunt
1013 2813 1150 2877 presbyteri

149 2890 193 2954 qui
204 2889 236 2938 de
246 2889 317 2939 laicis
328 2889 481 2952 adleguutur
488 2886 511 2938 l’

214 2971 372 3025 explorata:
392 2967 591 3026 ‘well-essured,'
607 2968 674 3016 aiter
690 2967 740 3016 due
755 2967 933 3032 investigation
948 2968 999 3018 and
1015 2969 1151 3033 publicity;

147 3045 177 3094 in
192 3050 302 3094 coutrast
318 3049 346 3094 to
360 3046 404 3094 the
417 3045 602 3095 ‘ordinationes
617 3045 765 3095 temerariae
780 3046 849 3095 leves
865 3045 1052 3098 inconstantes'
1065 3046 1093 3096 oi
1107 3047 1151 3097 the

148 3122 257 3173 heretice
268 3123 318 3184 (oh.
331 3121 383 3188 41).

214 3204 432 3252 communicatio
456 3205 620 3262 deliberate,
643 3203 715 3250 ‘well
732 3203 877 3253 considered
893 3203 1069 3266 communion:
1088 3205 1150 3254 both

148 3280 176 3328 in
190 3280 224 3329 its
238 3280 390 3330 celebratior
406 3281 457 3329 and
473 3281 499 3328 in
515 3279 587 3329 those
598 3280 655 3330 who
666 3297 709 3330 are
720 3281 846 3330 admitted
862 3287 889 3331 to
904 3282 940 3343 it;
957 3283 986 3331 in
996 3287 1108 3333 coutrast
1124 3288 1150 3333 to

148 3359 192 3408 the
203 3358 401 3408 indiscriminate
412 3358 570 3408 communion
579 3358 606 3407 of
614 3360 658 3408 the
669 3359 777 3408 heretice
791 3359 840 3425 (ola
854 3362 906 3424 41).

183 3450 220 3487 11.
240 3440 387 3498 subjectio,
407 3434 643 3496 ‘submissiveness‚'
664 3435 827 3487 ‘obedience'
864 3450 874 3485 1
894 3438 957 3488 Tim
975 3437 1002 3488 ii.
1022 3452 1049 3487 11
1073 3438 1149 3502 γαίῃ.

148 3515 234 3579 comp.
246 3515 322 3579 Apol.
338 3530 349 3563 r
365 3515 460 3563 ‘filium
471 3515 610 3564 subiectum
623 3513 729 3579 [patri].'

183 3608 220 3643 12.
238 3596 385 3651 apparitio,
400 3592 583 3655 ‘attendance,’
599 3591 736 3642 ‘service’:
756 3610 885 3658 apparere
899 3594 921 3643 ie
936 3594 997 3643 used
1015 3609 1149 3659 synonym-

147 3666 218 3736 ously
229 3669 293 3720 with
308 3673 464 3732 ministrare,
475 3672 554 3736 Apol.
570 3685 598 3734 13
613 3670 664 3735 (see
675 3673 754 3734 note),
767 3675 799 3738 48
807 3691 816 3729 ,·
833 3673 865 3721 de
879 3673 942 3724 idol.
961 3682 1007 3737 17;
1025 3672 1056 3721 de
1071 3677 1148 3736 spect.

150 3761 187 3816 17.
222 3750 308 3814 Comp.
320 3749 377 3800 Liv.
387 3749 413 3799 ii.
426 3763 456 3813 55
467 3750 604 3809 ‘Quattuor
616 3754 642 3799 et
653 3750 745 3815 viginti
756 3751 854 3801 lictores
862 3767 981 3814 apparere
990 3750 1149 3802 consulibus.’

214 3831 356 3888 processio
372 3833 508 3892 modesta,
536 3829 626 3896 ‘going
642 3828 727 3892 forth,'
757 3828 882 3894 ‘walkiug
899 3825 1009 3891 abroad,'
1022 3828 1150 3879 ‘modesto
