2724 4356
168 281 229 331 cle.
247 273 304 339 lv.]
420 263 593 330 Adversus
617 263 738 329 Omnes
760 264 929 330 Haereses.
1106 280 1166 349 157

166 439 277 516 angelis
298 438 397 496 datam
418 435 583 514 perhibens,
606 436 781 496 Iudaeorum
797 424 898 496 Deum
920 457 978 496 non
999 435 1167 508 Dominum,

165 538 216 598 sed
230 537 366 615 angelum
379 555 523 612 promens.

206 636 305 695 Huius
327 655 474 694 successor
488 634 584 693 Ebion
604 634 669 705 fuit,
685 633 827 694 Cerintho
849 654 907 694 non
928 634 960 692 in
982 634 1062 694 omni
1082 641 1168 714 parte

165 734 357 805 consentiens,
387 733 465 809 quod
493 753 511 793 a
538 732 601 792 Deo
629 732 707 792 dicat
733 733 884 806 mundum,
908 754 967 792 non
989 734 1027 793 ab
1054 733 1168 810 angelis

164 834 293 905 factum;
333 837 363 891 et
391 830 461 909 quia
496 830 638 909 scriptum
666 830 726 891 sit:
762 831 858 890 Nemo
887 830 1050 910 discipulus
1080 852 1195 909 super5

164 931 346 1008 magistrum,
363 950 415 989 nec
430 951 530 990 seruus
544 950 631 1007 super
645 930 803 1003 dominum,
811 931 907 1008 legem
919 930 1007 990 etiem
1021 931 1166 1007 proponit,

165 1029 278 1090 scilicet
299 1030 337 1088 ad
360 1029 573 1089 excludendum
597 1028 781 1107 evangelium
802 1036 832 1090 et
852 1028 1060 1089 vindicandum
1080 1028 1168 1088 Iude-

164 1150 280 1189 1emum.

568 1294 703 1354 CAPUT
723 1295 775 1355 IV.

204 1436 406 1495 Venurmuus
427 1443 524 1496 autem
545 1436 706 1498 haereticus
726 1437 834 1498 multas
854 1437 1022 1497 introduxit
1037 1436 1166 1496 fabulas:

163 1534 215 1594 has
236 1555 290 1612 ego
311 1535 520 1595 circumcidens
541 1537 671 1596 breviter
695 1537 856 1615 expediam.
899 1535 1068 1595 Introducit
1088 1535 1166 1595 euim
1183 1553 1213 1588 10

163 1633 295 1693 Pleroma
309 1640 340 1693 et
357 1633 471 1693 Aeonas
485 1633 610 1711 triginta
617 1655 625 1708 ;
648 1635 766 1713 exponit
777 1641 875 1695 autem
889 1634 943 1694 hos
958 1654 1011 1712 per
1023 1635 1165 1711 syzygias,

162 1731 193 1790 id
217 1738 271 1805 est,
292 1731 508 1810 coniugationes
530 1733 678 1811 quasdam.
721 1735 798 1794 Nam
819 1733 893 1793 dicit
917 1734 948 1791 in
972 1733 1076 1809 primis
1104 1753 1166 1792 cese

162 1831 280 1908 Bython
303 1837 335 1891 et
358 1831 525 1904 Silentium,
549 1852 586 1891 ex
610 1833 656 1891 his
679 1832 851 1910 processisse
876 1832 1009 1891 Mentem
1030 1837 1060 1891 et
1081 1832 1165 1892 Veri-

161 1936 272 2004 tatem;
304 1951 340 1991 ex
364 1931 470 2008 quibus
495 1932 625 2010 erupisse
649 1933 780 1992 Verbum
808 1939 838 1991 et
862 1931 970 2005 Vitam,
995 1933 1031 1992 de
1059 1931 1166 2009 quibus

161 2049 278 2088 rursum
299 2034 429 2090 creatum
443 2030 603 2090 Hominem
622 2036 653 2091 et
667 2031 839 2092 Ecclesiam.
881 2030 940 2091 Sed
961 2031 1040 2092 enim
1061 2051 1097 2090 ex
1117 2030 1164 2090 hie
1179 2046 1209 2097 15

162 2148 279 2206 quoque
299 2129 473 2207 processisse
496 2129 649 2189 duodecim
669 2129 805 2204 Aeonas3
838 2131 874 2189 de
903 2130 1043 2191 Sermone
1068 2139 1164 2188 autem

161 2233 191 2285 ct
202 2227 276 2288 Vita
290 2226 405 2286 Aeonas
420 2227 493 2287 alios
507 2229 613 2288 decem.
649 2229 736 2289 Hanc
750 2250 810 2288 esse
821 2228 955 2287 Aeonum
969 2227 1163 2298 triacontada,

161 2345 235 2401 quae
254 2324 290 2384 fit
310 2324 343 2383 in
365 2325 527 2385 Pleromate
549 2347 585 2385 ex
606 2327 736 2403 ogdoade
757 2333 788 2386 et
807 2326 914 2387 decade
935 2348 968 2386 ac
990 2326 1162 2385 duodecade.

161 2423 351 2483 Tricesimum
365 2429 464 2483 autem
477 2424 607 2484 Aeonem
624 2425 746 2502 Bython
765 2425 851 2484 illum
864 2425 966 2485 ridere
980 2424 1116 2498 voluisse,
1133 2432 1163 2483 et

160 2523 197 2581 ad
213 2521 372 2581 videndum
386 2523 471 2581 illum
485 2545 589 2583 ausum
610 2544 671 2584 esse
685 2523 718 2582 in
732 2523 883 2601 superiora
904 2523 1110 2595 conscendere;
1133 2527 1163 2581 et
1177 2545 1209 2581 ro

160 2621 296 2699 quoniam
317 2621 355 2680 ad
375 2621 608 2700 magnitudinem
627 2622 721 2700 ipsius
734 2623 890 2682 videndam
911 2643 1004 2700 capax
1023 2642 1081 2680 non
1094 2622 1161 2694 fuit,

160 2720 189 2778 in
204 2720 363 2780 defectione
377 2721 468 2780 fuisse
483 2731 511 2780 ct
526 2741 618 2798 paene
638 2721 811 2782 dissolutum
832 2742 902 2795 esse,
917 2721 974 2781 nisi
989 2721 1039 2799 qui
1058 2721 1163 2780 missus

160 2821 195 2878 ad
218 2820 479 2880 constabiliendum
500 2821 584 2879 illum
606 2822 656 2880 ille
680 2842 767 2900 quem
788 2822 940 2900 appellant
962 2821 1075 2893 Horon,
1096 2841 1162 2879 con-

193 3059 215 3107 3.
234 3048 337 3096 Ebion.
371 3046 417 3095 See
429 3052 499 3094 notes
510 3047 541 3095 de
550 3061 663 3112 praescr.
674 3045 743 3097 itaer.
756 3059 795 3107 33.

193 3136 214 3185 5.
233 3127 371 3181 scriptum
383 3127 429 3174 sit.
463 3125 488 3173 S.
502 3125 580 3175 Mett.
592 3141 616 3174 x.
630 3140 675 3188 243
694 3125 719 3174 S.
732 3125 804 3174 Luke
815 3125 848 3174 vi.
860 3139 907 3189 403
924 3126 950 3175 S.
961 3125 1032 3175 John
1043 3125 1095 3176 xiii.
1111 3124 1148 3174 16.

192 3217 215 3266 9.
232 3205 411 3252 Valentinus.
445 3202 492 3252 See
502 3204 533 3252 de
542 3219 655 3268 praescr.
666 3203 733 3252 haer.
747 3213 770 3266 7,
783 3218 823 3265 30,
836 3218 875 3266 33.

194 3293 231 3328 10.
249 3284 464 3330 circumcidens.
487 3280 969 3346 Leid.,Rten.(mary.),Boctlflelrl:
982 3281 1161 3331 circumdicene

158 3357 253 3407 ntea:
271 3358 458 3407 circumducens
469 3358 513 3407 rel.

192 3450 231 3498 13.
250 3439 412 3486 silentium.
447 3437 504 3500 Sige
519 3426 569 3486 hld
584 3454 600 3486 a
611 3437 682 3501 place
693 3437 719 3486 in
731 3439 818 3504 nearly
828 3439 865 3488 ell
875 3438 921 3487 the
932 3438 1036 3488 Gnostic
1046 3442 1161 3502 systema,

158 3529 220 3562 even
235 3514 261 3563 in
276 3514 397 3574 simoen
417 3515 491 3578 Greg.
503 3515 567 3564 Nan.
584 3515 657 3565 Orat.
669 3533 728 3567 xxv.
745 3519 768 3566 8.
785 3531 814 3577 13
831 3517 881 3567 and
889 3516 1044 3580 Hippolytus
1052 3515 1161 3579 (Psilos.

158 3593 191 3642 vi.
206 3593 247 3652 21)
260 3598 338 3642 states
350 3593 408 3643 that
419 3592 580 3643 Valentinus’
592 3599 686 3658 system
698 3611 748 3644 was
760 3595 869 3645 founded
879 3611 913 3644 on
923 3594 981 3644 thet
991 3595 1021 3643 of
1027 3594 1120 3644 Simon.

222 3673 391 3728 processisse
414 3675 550 3722 Mentem.
592 3673 646 3722 The
676 3673 750 3725 MSS.
774 3679 875 3738 present
902 3673 1049 3737 processisse
1075 3688 1160 3722 semen

157 3753 268 3797 mentem
282 3749 317 3815 by
327 3749 461 3814 repetition
476 3752 504 3800 of
517 3751 561 3801 the
576 3752 625 3801 last
640 3757 690 3802 two
705 3753 793 3802 lettere
804 3753 833 3803 of
842 3753 885 3802 the
896 3753 951 3801 first
966 3751 1035 3801 word
1050 3751 1101 3800 end
1115 3751 1160 3801 the

157 3827 212 3876 first
222 3827 293 3877 three
305 3829 333 3876 of
340 3828 384 3878 the
395 3828 491 3878 second.
