2724 4356
203 279 266 341 116
348 248 351 259 ⁸
606 278 805 344 Tertulliani
1069 288 1140 355 [ce.
1160 295 1204 342 1v.

200 447 375 509 Asdrubalis
389 470 470 521 uxor,
485 470 559 526 quae
572 448 630 509 iam
645 452 767 509 ardente
782 449 962 526 Carthagine
979 471 1046 510 cum
1063 452 1205 511 maritum

201 569 285 607 suum
297 549 458 626 supplicem
468 548 614 626 Scipionis
625 549 747 621 videret,
757 569 823 608 cum
838 549 907 607 filiis
922 549 982 609 suis
995 550 1028 608 in
1038 551 1205 610 incendium

200 644 313 724 patriae
348 648 504 708 devolavit.
567 649 709 725 Regulus
755 649 815 707 dux
858 649 1064 722 Romanorum,
1101 658 1206 728 captus

200 768 218 804 a
246 746 547 824 Carthaginiensibus,
578 768 644 806 cum
678 768 709 806 se
745 767 836 805 unum
871 768 924 824 pro
952 748 1054 807 multis
1082 749 1205 827 captivis

172 845 494 923 50arthaginiensibns
529 846 709 923 compensari
748 845 899 918 noluisset,
932 847 1036 906 maluit
1071 846 1205 906 hostibus

200 944 284 1002 reddi
298 949 328 1003 et
343 945 375 1003 in
389 965 473 1003 arcae
495 963 588 1020 genus
609 944 736 1022 stipatus
758 944 889 1022 undique
911 945 1093 1005 extrinsecus
1114 947 1205 1006 clavis

200 1042 368 1114 transfixus,
385 1048 430 1101 tot
449 1063 549 1102 cruces
568 1043 668 1102 sensit.
711 1043 824 1102 Bestias
838 1043 947 1102 femina
960 1044 1056 1103 libens
1070 1044 1204 1123 appetiit,

200 1147 231 1200 et
250 1142 354 1218 utique
374 1141 553 1201 horridiores
574 1141 692 1219 aspides
712 1147 859 1218 serpentes
880 1148 965 1201 tauro
979 1143 1026 1201 vel
1040 1163 1116 1215 urso,
1132 1163 1205 1220 quas

200 1240 355 1317 Cleopatra
368 1240 491 1300 immisit
506 1239 570 1312 sihi,
583 1262 620 1299 ne
635 1241 667 1299 in
681 1261 785 1299 manus
799 1241 913 1299 inimici
927 1242 1103 1318 perveniret.
1146 1243 1205 1302 Sed

156 1360 187 1395 10
199 1341 303 1398 mortis
317 1345 413 1398 metus
428 1360 485 1397 non
499 1345 602 1400 tantus
617 1344 670 1411 est,
686 1347 814 1417 quantus
828 1345 1048 1400 tormentorum.
1089 1341 1203 1417 Itaque,

200 1439 286 1497 cessit
308 1438 437 1497 carnifici
458 1438 600 1497 meretrix
620 1437 817 1510 Atheniensis,
840 1460 915 1516 quae
937 1439 1050 1498 conscia
1070 1439 1204 1499 coniura-

199 1537 289 1596 tionis
304 1558 370 1596 cum
384 1544 538 1615 propterea
559 1542 748 1613 torqueretur
762 1559 779 1596 a
793 1545 927 1614 tyranno,
943 1543 973 1597 et
994 1559 1052 1597 non
1073 1536 1204 1615 prodidit

199 1636 363 1695 coniuratos
383 1642 413 1695 et
431 1636 589 1695 novissime
610 1636 743 1713 linguam
764 1656 847 1696 suam
869 1641 1026 1696 comestam
1046 1637 1079 1695 in
1099 1636 1203 1696 faciem

198 1735 318 1811 tyranni
342 1734 467 1812 exspuit,
491 1740 526 1794 ut
548 1735 623 1793 nihil
645 1756 731 1812 agere
755 1735 788 1793 in
809 1755 840 1794 se
861 1736 949 1794 sciret
970 1740 1124 1808 tormenta,
1147 1737 1204 1794 etsi

156 1856 185 1906 15
199 1834 277 1893 ultra
300 1838 509 1910 perseveraret.
551 1835 630 1892 Nam
655 1835 732 1912 quod
754 1834 840 1894 hodie
868 1837 947 1912 apud
970 1837 1203 1896 Lacedaemonas

199 1933 378 1993 sollemnitas
399 1932 527 1991 maxima
544 1939 598 2005 est,
614 1937 825 2007 διαμαστίγωσις,
840 1933 872 1993 id
894 1939 947 2005 est,
963 1934 1129 2011 flagellatio,
1144 1955 1203 1993 non

234 2121 255 2158 1.
274 2111 443 2157 Asdrubalis
460 2122 540 2158 uxor.
575 2107 642 2159 Flor.
660 2107 688 2157 ii.
704 2118 749 2168 153
774 2108 833 2157 Vel.
850 2109 921 2156 Max.
938 2108 973 2158 iii.
993 2109 1031 2157 28.
1065 2109 1150 2174 Gomp.
1169 2110 1204 2158 ad

199 2185 264 2236 Nat.
277 2185 293 2236 i.
310 2187 348 2237 18.

265 2280 330 2314 oum
346 2268 486 2315 maritum.
520 2265 596 2328 atys
612 2280 644 2312 ns
655 2264 776 2315 maritum
790 2264 860 2315 cett.
873 2264 1000 2328 following
1009 2265 1062 2314 Ios.
1074 2263 1201 2330 Scaliger:

198 2343 374 2392 maritumrel.

233 2435 255 2484 3.
274 2425 408 2479 Regulus.
442 2421 492 2469 His
511 2421 588 2469 breve
604 2425 674 2484 story
687 2438 738 2470 was
755 2420 808 2469 told
827 2421 861 2484 by
872 2421 939 2482 Livy
949 2421 977 2469 in
992 2421 1033 2470 his
1052 2421 1112 2471 18th
1130 2422 1201 2487 (lost)

199 2501 269 2549 book.
304 2501 390 2563 (temp.
404 2500 491 2549 Cicero
502 2501 534 2548 cle
545 2500 609 2564 offic.
621 2499 657 2549 iii.
672 2499 710 2550 26.
722 2515 754 2565 99
765 2515 771 2556 ;
790 2501 852 2548 Hor.
869 2501 952 2551 Germ.
966 2500 1042 2563 iii.5;
1059 2501 1201 2550 Vah-Max.

198 2579 223 2630 ii.
237 2592 275 2627 10.
286 2579 316 2638 8;
334 2578 393 2630 Aul.
405 2578 471 2628 Geli.
481 2578 514 2628 vi.
530 2593 562 2640 4;
579 2577 656 2640 Apol.
667 2590 714 2639 505
731 2578 766 2626 ad
777 2577 841 2626 Nat.
853 2577 869 2627 i.
887 2579 915 2626 18
926 2594 932 2636 ;
949 2579 982 2627 de
989 2578 1080 2627 calori.
1090 2583 1151 2628 caet.
1162 2592 1201 2640 31.

204 2699 205 2703 ,
232 2672 255 2721 9.
274 2661 429 2715 cleopatra.
464 2656 531 2705 Flor.
549 2657 582 2705 iv.
602 2669 649 2715 113
669 2657 732 2705 Hor.
751 2655 839 2706 (laren.
856 2657 873 2707 i.
893 2666 931 2720 37.
947 2655 993 2717 26;
1016 2659 1063 2707 but
1080 2658 1201 2707 Plutarch

199 2735 350 2799 doubtfully,
363 2737 406 2784 cit.
419 2735 476 2785 Ani.
490 2735 550 2783 xliv.
585 2734 670 2796 (lomp.
682 2735 717 2782 od
729 2734 791 2782 Nat.
806 2733 822 2781 i.
838 2735 875 2783 18.

234 2827 271 2861 ιο.
290 2817 398 2873 Itaque,
429 2816 522 2871 cessit,
551 2811 593 2862 lto.
629 2811 689 2860 This
717 2811 739 2859 is
760 2811 884 2862 ironioal:
912 2813 1201 2863 euast‘suocumbedss

198 2891 341 2940 Tertullian
361 2891 508 2955 frequently
529 2890 589 2938 thus
610 2891 691 2954 glides
713 2890 768 2938 into
791 2891 863 2955 irony
886 2892 991 2940 without
1013 2893 1138 2956 inserting
1161 2893 1201 2942 his

197 2969 321 3018 favourite
338 2967 442 3032 ‘plane'
459 2986 487 3018 or
504 2967 624 3032 ‘opinor'
666 2968 752 3018 Below
770 2971 869 3019 cesserat
885 2970 1016 3034 playis=‘
1026 2971 1116 3020 should
1132 2971 1200 3035 yield

197 3047 268 3096 itsclf
277 3053 303 3096 to
316 3044 435 3111 stripss‘;
452 3047 503 3095 and
521 3050 594 3096 cesu't
610 3047 669 3096 here
686 3047 768 3110 might
782 3049 842 3096 bear
853 3050 897 3097 the
913 3050 1031 3112 meaning
1048 3048 1077 3098 of
1084 3053 1091 3078 ‘
1100 3051 1201 3114 yielded

151 3193 154 3201 Ι
197 3126 294 3176 herself
302 3130 328 3174 to
339 3126 384 3175 the
394 3142 478 3191 power
490 3124 531 3186 of,'
542 3127 595 3175 ‘let
609 3127 663 3177 him
678 3126 710 3181 do
724 3126 764 3175 his
776 3132 853 3180 worst
863 3144 930 3192 upon
942 3126 1004 3190 her,'
1014 3133 1059 3177 not
1070 3129 1201 3194 ironioally

198 3205 267 3264 said;
284 3204 380 3268 though
391 3205 406 3253 I
417 3205 500 3269 prefer
511 3205 533 3253 it
544 3221 571 3253 as
582 3205 657 3268 given
668 3205 754 3255 above.

233 3297 271 3334 11.
289 3287 424 3334 meretrix
435 3287 627 3333 Atheniensis.
650 3285 758 3342 Leaena,
769 3300 809 3332 see
821 3283 867 3333 her
875 3289 944 3349 story
952 3285 978 3333 in
989 3285 1055 3339 Pliu.
1065 3286 1101 3335 Η.
1112 3287 1147 3336 N.
1156 3287 1199 3335 vii.

165 3410 168 3416 ,
200 3363 372 3424 23;Pausan.
385 3362 401 3412 i.
418 3376 562 3425 23300mp.
579 3362 651 3421 Apol.
666 3361 865 3425 5o;adNat.i.
883 3363 920 3412 18.
953 3363 1093 3413 Asimilar
1108 3365 1161 3413 feet
1178 3365 1200 3414 is

197 3442 313 3491 recorded
333 3441 361 3490 of
375 3443 444 3491 Zeno
461 3441 511 3489 and
528 3442 555 3489 of
570 3441 745 3503 Anaxarchus,
764 3442 871 3504 Diogen.
892 3441 976 3492 Laert.
994 3443 1028 3494 ix.
1046 3445 1087 3505 58,
1105 3459 1129 3493 x.
1150 3458 1199 3508 59;

197 3521 256 3573 Vel.
271 3522 341 3573 Max.
354 3522 391 3571 iii.
404 3535 426 3582 3.
438 3535 461 3582 4.

234 3615 272 3662 13.
289 3602 442 3648 novissime
450 3603 613 3663 =postremo;
631 3615 672 3648 see
683 3603 743 3647 note
754 3599 905 3665 depressor.
917 3600 987 3649 haer.
1002 3614 1039 3663 14.

234 3683 318 3738 14.in
336 3693 374 3727 se.
408 3677 474 3733 qu„
494 3675 579 3727 cett:
603 3693 629 3725 se
646 3677 722 3726 sciret
738 3677 766 3725 in
782 3682 909 3728 tormenta
927 3679 1009 3740 Vinci,
1027 3679 1107 3739 teia,
1126 3679 1197 3730 rior.

200 3771 255 3820 529,
269 3757 364 3806 Rhea:
382 3772 409 3803 se
420 3756 527 3803 scierant
538 3760 665 3805 tormenta
677 3757 768 3821 Gany,
784 3757 844 3817 eet,
857 3757 938 3814 Pam..
951 3758 1012 3821 sep.

234 3834 271 3885 16.
288 3833 499 3901 διαμαστίγωσις.
533 3833 573 3884 On
592 3833 663 3885 these
681 3834 850 3902 flagellatione
870 3852 910 3886 see
932 3836 1062 3888 Plutarch.
1081 3839 1112 3888 de
1138 3837 1199 3891 tro.
