2724 4356
204 259 248 338 46
612 259 811 324 Tertulliani
1073 267 1144 333 [cn.
1160 270 1206 321 xl.

204 430 287 490 navit
300 430 372 510 ipse,
382 430 435 509 qui
449 436 479 491 te
493 452 553 491 non
563 432 629 491 vult
640 431 721 490 aliud
732 431 857 501 credere,
868 450 956 507 quam
970 429 1049 507 quod
1063 428 1206 500 instituit,

203 529 327 608 ideoque
341 549 394 590 nec
409 550 555 608 quaerere.

245 628 383 690 Celerum
406 628 440 699 si,
465 629 535 708 quia
558 634 589 688 et
613 628 672 688 aha
693 635 778 688 tanta
804 629 842 688 ab
869 629 935 688 aliis
960 634 1030 689 sunt
1057 626 1205 699 instituta,

204 734 360 806 propterea
373 726 405 786 in
419 734 536 789 tantum
551 748 691 806 quaerere
704 727 842 786 debemus
853 727 884 785 in
899 733 1043 804 quantum
1054 745 1208 804 possumus

177 826 346 899 tinvenire,
362 847 475 905 semper
496 826 673 906 quaerimus,
689 834 718 885 et
739 845 891 902 nunquam
915 824 1033 886 omnino
1052 822 1208 884 credimus.

206 925 269 986 Ubi
296 926 374 986 enim
399 925 456 985 erit
476 925 544 985 finis
565 925 744 1004 quaerendil
774 925 826 984 ubi
850 924 940 984 statio
967 922 1125 984 credendil
1158 922 1209 982 ubi

205 1026 364 1105 expunctio
391 1025 583 1085 inveniendil
624 1025 714 1102 Apud
742 1023 943 1085 Marcioneml
974 1025 1024 1084 sed
1047 1029 1077 1082 et
1101 1022 1208 1082 Valen-

205 1125 288 1185 tinus
310 1124 456 1203 proponit,
475 1125 615 1199 Quaerite
636 1130 666 1182 et
686 1123 852 1184 invenietis.
893 1122 982 1201 Apud
996 1120 1209 1182 Valentinuml

206 1225 256 1284 sed
275 1231 306 1283 et
320 1223 440 1302 Apelles
457 1224 512 1283 hac
524 1245 570 1282 me
585 1215 823 1302 pronuntiatione
836 1221 977 1303 pulsabit,
992 1228 1022 1282 ot
1038 1221 1163 1292 Hebion,
1179 1226 1209 1280 et

164 1338 194 1374 10
207 1323 316 1394 Simon,
332 1331 361 1382 et
382 1342 480 1382 omnes
503 1343 539 1380 ex
565 1322 666 1381 ordine
689 1342 747 1381 non
769 1321 877 1381 habent
901 1321 982 1380 aliud
1005 1340 1063 1399 quo
1081 1341 1113 1380 se
1135 1319 1209 1378 mihi

208 1421 390 1480 insinuantes
414 1441 459 1480 me
482 1420 538 1479 sibi
562 1420 710 1480 addicant.
752 1421 812 1479 Ero
834 1420 934 1498 itaquo
963 1438 1114 1496 nusquam,
1138 1419 1209 1476 dum

208 1520 316 1599 ubique
331 1519 477 1591 convenio,
494 1518 633 1594 Quaerite
648 1526 677 1578 et
690 1518 854 1592 invenietis,
867 1524 897 1577 et
908 1518 991 1578 velut
1005 1517 1031 1577 si
1044 1537 1187 1594 nusquam
1199 1537 1208 1590 ς

208 1618 292 1696 quasi
320 1618 371 1696 qui
399 1637 548 1695 uunquam
578 1618 823 1696 apprehenderim
850 1617 936 1689 illud,
965 1616 1044 1695 quod
1072 1615 1209 1682 Christus

208 1716 348 1788 instituit,
370 1717 448 1795 quod
469 1716 570 1794 quaeri
592 1720 714 1794 oportet,
736 1716 814 1794 quod
834 1715 913 1776 credi
934 1736 1049 1776 necesse
1070 1720 1123 1774 est.

606 1890 740 1951 CAPUT
761 1892 813 1951 XI.

167 2048 195 2097 ¹5
250 2020 375 2080 Inruun
390 2026 513 2091 erratur,
528 2018 585 2079 nisi
600 2020 799 2098 delinquatur,
815 2020 947 2099 quamvis
962 2026 992 2080 et
1007 2040 1104 2080 errare
1119 2019 1209 2078 delin-

210 2140 299 2199 quere
320 2124 383 2179 est:
406 2117 534 2197 impune,
553 2118 684 2196 inquam,
698 2124 833 2197 vagatur,
853 2119 905 2201 qui
919 2119 995 2178 nihil
1008 2118 1126 2180 deserit.
1169 2118 1211 2178 At

244 2274 266 2324 3.
283 2264 370 2319 tanta,
388 2257 427 2308 lor
443 2255 516 2320 ‘tot,'
534 2274 562 2307 as
580 2274 643 2323 very
659 2257 807 2326 frequently
825 2259 853 2308 in
870 2258 977 2308 African
995 2260 1102 2309 writers.
1135 2259 1210 2324 Apol.

212 2351 289 2402 1,4o,
302 2352 349 2401 5o;
366 2336 557 2387 adulterati.
571 2351 600 2400 53
618 2337 720 2388 detdol.
733 2336 757 2400 6,
770 2339 800 2397 83
817 2337 934 2402 despect.
948 2351 993 2402 29;
1009 2337 1128 2401 adSccp.
1144 2354 1168 2400 4,
1180 2351 1211 2400 53

210 2418 242 2465 de
253 2418 330 2466 unita.
344 2429 393 2478 30;
409 2416 488 2478 Apul.
501 2415 607 2465 Metam.
617 2415 660 2464 vii.
673 2431 696 2481 9.
730 2415 764 2464 So
782 2413 903 2480 ‘quanti'
922 2415 961 2464 ior
979 2413 1073 2480 ‘quot'
1085 2416 1121 2465 od
1136 2418 1210 2478 b'cup.

210 2513 235 2559 4,
248 2509 277 2558 5;
295 2495 352 2544 udo.
365 2494 446 2544 Marc.
460 2495 477 2544 i.
493 2504 515 2558 7.

243 2571 267 2622 6.
285 2575 381 2632 statio,
393 2571 453 2621 ‘the
464 2569 658 2636 testing-place!
688 2572 741 2621 The
752 2571 809 2622 idea
819 2571 842 2621 is
854 2571 935 2622 either
945 2572 1002 2622 that
1014 2572 1042 2621 oi
1049 2572 1095 2622 the
1105 2572 1212 2622 statione

211 2666 244 2699 on
254 2651 299 2700 the
310 2654 383 2714 great
397 2649 472 2700 roade
488 2654 516 2700 at
532 2649 616 2700 which
633 2651 765 2700 travellers
782 2649 862 2700 found
878 2650 1052 2715 refroshment,
1067 2668 1096 2700 or
1111 2651 1170 2701 that
1186 2651 1215 2700 ol

211 2729 256 2779 the
267 2728 407 2792 anchorago
424 2728 452 2778 ol
465 2745 481 2777 a
497 2727 554 2793 ship
571 2729 598 2777 in
615 2728 660 2778 the
677 2728 775 2780 desired
792 2728 875 2777 haven
891 2729 980 2795 (Verg.
997 2730 1088 2794 Geory.
1100 2731 1133 2780 iv.
1145 2743 1212 2792 4213

211 2808 277 2856 Aen.
292 2807 319 2856 ii.
339 2820 368 2868 23
377 2822 384 2866 ;
401 2806 468 2870 Livy
484 2823 508 2855 x.
526 2820 555 2862 23
572 2807 660 2857 xxviii.
676 2805 713 2869 6).
747 2807 801 2856 The
815 2807 893 2856 latter
909 2808 997 2857 notion
1013 2809 1070 2857 best
1087 2808 1151 2857 suits
1167 2806 1212 2856 the

211 2888 323 2945 context,
335 2885 403 2933 since
416 2884 496 2934 heliel
504 2885 526 2934 is
539 2884 585 2935 the
601 2884 659 2949 goul
674 2901 703 2934 or
718 2885 842 2934 terminus
859 2885 888 2934 oi
900 2886 996 2934 search.
1029 2886 1149 2935 Contrast
1168 2885 1212 2935 the
1267 2889 1271 2893 '

211 2963 337 3012 technioal
354 2963 533 3012 ecclesiastical
550 2964 670 3028 meaning
687 2963 715 3013 of
730 2962 839 3026 ‘statim'
851 2968 954 3030 ‘sentry
971 2964 1038 3029 day,’
1051 2966 1082 3015 de
1101 2981 1153 3016 eor.
1172 2977 1212 3026 11,

211 3040 256 3090 the
267 3040 361 3090 church
370 3041 447 3106 vigila
458 3040 600 3106 borrovving
610 3041 655 3091 the
666 3057 740 3091 name
752 3041 780 3092 ol
788 3042 834 3092 the
844 3043 960 3106 military
970 3041 1062 3092 wateh.

247 3130 268 3183 7.
286 3121 448 3180 expunctio,
472 3119 489 3168 i.
497 3135 519 3170 e.
540 3118 768 3180 ‘consummatio’;
792 3135 820 3169 so
841 3122 873 3169 dc
893 3120 955 3170 idol.
978 3119 1023 3180 16;
1051 3120 1083 3169 de
1104 3120 1148 3170 et.
1174 3132 1211 3167 10.

211 3197 355 3247 Tertullian
375 3213 432 3247 uses
449 3213 585 3263 exponam
601 3199 629 3247 in
645 3197 690 3248 the
707 3214 778 3248 sense
795 3197 957 3264 oipaytcere,
969 3198 1044 3263 Apol.
1058 3212 1098 3262 15,
1112 3212 1152 3258 21,
1166 3212 1213 3261 35;

212 3277 248 3327 od
259 3278 314 3325 aot.
326 3276 344 3326 i.
358 3286 387 3340 73
404 3277 434 3325 cle
446 3279 512 3326 orat.
524 3291 554 3341 9;
571 3277 657 3327 deret.
669 3292 737 3328 cara.
748 3290 790 3339 41.

245 3369 269 3420 9.
286 3357 402 3404 Hebion
413 3360 442 3405 et
456 3357 563 3405 Simon.
598 3355 646 3404 See
657 3360 737 3416 notes,
750 3356 789 3406 oh.
803 3367 843 3417 33.

248 3446 285 3482 12.
303 3439 333 3483 et
354 3435 435 3483 volut
462 3434 487 3481 si
511 3448 659 3492 nusquam.
692 3433 774 3483 There
801 3449 845 3483 are
874 3434 973 3484 several
1001 3425 1129 3482 variants'
1143 3433 1212 3483 here.

212 3511 266 3562 The
277 3515 335 3561 text
347 3511 429 3576 (Ray,
445 3511 554 3575 oetier),
569 3512 675 3576 ‘justas
686 3511 731 3560 ilI
743 3528 809 3561 were
818 3511 953 3573 nowhere,'
963 3512 1015 3562 and
1024 3512 1114 3573 Rieu„
1129 3511 1213 3578 Gany.

213 3595 258 3640 ‘et
268 3589 349 3640 velint
359 3589 395 3639 sio
405 3586 544 3653 nusquam’
557 3587 644 3654 (Pom.
655 3592 699 3639 ‘et
711 3590 792 3639 velint
803 3606 844 3640 me
859 3607 912 3640 ease
925 3591 960 3641 sic
972 3607 1097 3654 nusquam
1104 3591 1133 3655 ¹),
1146 3590 1214 3640 ‘and

214 3668 284 3734 they,
295 3668 340 3718 the
356 3668 470 3729 heretica,
483 3667 547 3718 vvish
562 3683 604 3718 me
622 3672 650 3718 to
669 3669 701 3718 be
717 3668 779 3718 thus
795 3667 927 3730 nowhere,’
939 3670 997 3734 give
1010 3669 1113 3734 equally
1123 3685 1214 3733 appro-

213 3747 295 3812 priate
305 3745 442 3812 meanings.
465 3745 546 3810 leia,
558 3747 616 3797 aaz.
627 3750 667 3796 ‘et
677 3746 755 3797 velim
763 3746 799 3796 sic
805 3745 957 3811 nusquam':
969 3747 1044 3812 Aqob.
1055 3749 1097 3796 ‘et
1106 3747 1213 3797 velimsi

213 3823 359 3891 nunqum'
392 3825 531 3876 Heumann
541 3825 658 3877 believed
669 3824 713 3875 the
723 3824 806 3875 words
817 3830 845 3875 to
854 3825 887 3876 be
897 3842 932 3876 an
942 3826 1130 3889 interpolation.
