2724 4356
167 281 226 330 cie.
241 277 381 342 xxan]
403 270 443 333 de
464 270 722 352 Praescriptione
744 269 1000 333 Haeretz'corum.
1126 269 1166 350 85

167 439 282 498 nomino
301 439 472 499 admittunt.
514 440 638 498 Itanon
658 439 831 511 Christiani,
845 440 961 498 nullum
980 439 1026 497 ins
1045 438 1166 516 sapiunt

167 536 399 597 Christianarum
408 539 574 597 litterarum
585 538 622 596 ad
634 558 706 615 quos
720 538 824 597 merito
839 537 993 597 dicendum
1008 541 1068 596 est:
1106 536 1166 611 Qui

165 635 258 695 estisi
283 637 400 714 quando
423 643 453 697 ei
477 637 554 696 unde
576 637 716 696 venistisi
747 637 819 714 qnid
841 636 874 694 in
898 657 961 696 meo
984 635 1081 714 agitis,
1108 656 1165 694 non

166 734 244 793 meii
266 755 322 813 quo
342 736 474 814 denique,
491 735 630 808 Marcion,
647 736 711 795 iure
729 735 834 794 silvam
853 756 948 794 meam
970 734 1086 794 oaedisi
1109 755 1167 813 qua

165 832 292 906 licentia,
313 835 477 906 Valentino,
499 835 592 894 fontes
612 855 690 893 meos
713 832 908 894 transvertisi
930 854 988 913 qua
1009 839 1193 911 potestate,5

165 931 290 1009 Apelles,
307 933 416 992 limites
430 955 508 994 meos
527 935 708 992 commovesi
749 933 816 992 Mea
830 940 874 993 osi
893 933 1042 1011 possessio.
1086 932 1166 1008 Quid

164 1029 221 1102 hio,
233 1032 331 1102 ceteri,
342 1033 379 1091 ad
389 1032 571 1092 voluntatem
582 1038 707 1092 vestram
720 1032 870 1092 seminatis
881 1037 912 1092 et
922 1031 1043 1110 pascitis
1053 1033 1063 1088 i
1099 1032 1166 1089 Mea

164 1136 208 1189 est
230 1130 380 1218 possessio,
399 1131 469 1190 olim
490 1130 633 1209 possideo,
656 1131 738 1208 prior
759 1130 900 1209 possideo,
920 1130 1011 1190 habeo
1036 1129 1165 1207 origines
1259 1210 1261 1214 Ι

164 1227 262 1287 firmas
275 1229 313 1288 ab
331 1229 403 1306 ipsis
423 1229 601 1300 auctoribus,
616 1250 740 1306 quorum
754 1229 811 1287 fuit
825 1251 879 1288 res.
922 1229 986 1306 Ego
1001 1249 1065 1288 sum
1082 1229 1165 1288 heres

163 1328 367 1405 apostolorum.
419 1328 503 1387 Siout
530 1333 670 1387 noverunt
698 1334 873 1387 testamento
901 1349 961 1400 sno,
992 1328 1069 1387 siout
1096 1327 1164 1386 fidei
1181 1343 1210 1378 10

164 1427 380 1500 commiserunt,
410 1427 487 1485 siout
524 1426 745 1500 adiuraverunt,
776 1427 820 1486 ita
855 1432 948 1486 teneo.
991 1428 1050 1485 Vos
1085 1432 1163 1486 certe

163 1523 414 1584 exheredaverunt
443 1545 557 1602 semper
584 1532 614 1584 et
642 1525 860 1599 abdicaverunt,
885 1533 920 1584 ui
945 1531 1104 1597 extraneos,
1129 1533 1164 1584 ut

162 1622 304 1682 inimicos.
347 1623 434 1685 Unde
446 1629 545 1683 autem
556 1625 689 1684 extranei
700 1630 730 1683 ei
741 1624 853 1682 inimici
864 1624 1004 1701 apostolis
1015 1623 1161 1697 haeretici,

163 1722 221 1780 nisi
235 1742 272 1781 ex
286 1723 453 1782 diversitate
468 1723 626 1795 doctrinae,
642 1743 732 1800 quam
745 1724 946 1800 unusquisque
960 1724 997 1782 de
1016 1743 1068 1782 suo
1085 1723 1163 1782 erbi-

85 1903 87 1906 ·
163 1821 221 1880 trio
235 1822 373 1881 adversus
388 1823 532 1900 apostolos
545 1829 597 1881 aut
611 1822 744 1899 protulit,
760 1828 813 1881 aui
827 1822 958 1900 recepit?
1179 1836 1207 1884 ι5

162 1971 263 2027 nantur,
275 1965 411 2015 Christiani
423 1983 475 2016 esse
490 1966 626 2025 desierunt,
641 1968 685 2030 qui
697 1967 791 2016 Christi
800 1967 901 2016 nomine
912 1966 1003 2015 amisso
1016 1965 1126 2014 humana
1136 1972 1163 2014 ei

162 2049 267 2094 externa
278 2044 399 2093 voeabula
411 2043 563 2094 induerunt)
597 2044 693 2094 Athen.
707 2049 774 2095 Orat.
787 2061 809 2094 α.
820 2046 867 2094 Ar.
878 2045 896 2093 i.
909 2057 931 2105 3.

198 2136 218 2171 1.
235 2139 294 2172 non
306 2126 471 2183 christiani,
483 2124 500 2173 i.
509 2140 530 2172 e.
546 2123 697 2174 ‘haeretiei’

194 2216 217 2264 4
236 2204 373 2259 denique:
391 2217 433 2251 see
444 2207 512 2262 note,
526 2203 564 2251 oh.
580 2216 601 2252 2.

228 2282 357 2329 Maroion
370 2317 376 2328 .
389 2316 395 2327 .
408 2317 413 2329 .
426 2284 587 2330 Valentino.
620 2280 674 2329 The
688 2295 735 2328 ono
748 2279 854 2336 excised,
868 2278 911 2328 the
926 2276 999 2328 other
1010 2277 1160 2341 perverted:

161 2373 202 2406 see
214 2362 275 2406 next
285 2357 397 2421 chapter.

235 2439 337 2486 silvam
363 2451 455 2485 meam
481 2441 598 2486 saedis?
644 2437 694 2485 For
719 2436 764 2485 the
788 2435 921 2499 metaphor
946 2450 1024 2498 oomp.
1048 2434 1122 2498 Apol.
1144 2450 1160 2496 4

164 2514 335 2577 ‘squalentem
354 2515 444 2563 silvam
461 2515 545 2578 legum
564 2513 698 2571 oaeditia‘;
715 2516 746 2563 de
763 2516 841 2564 onim.
862 2529 894 2576 33
914 2515 944 2562 de
961 2529 1044 2563 coroa.
1065 2525 1110 2571 103
1131 2513 1160 2560 de

159 2592 222 2657 pud.
238 2592 281 2653 16;
298 2594 333 2642 ad
343 2597 396 2643 not.
408 2593 434 2642 ii.
447 2608 470 2657 9.

194 2668 218 2720 6.
235 2675 360 2728 Apellea.
391 2672 458 2720 Who
475 2672 591 2721 imiiaied
608 2673 647 2721 hia
664 2676 758 2721 master
772 2672 800 2720 in
815 2671 859 2720 the
874 2671 1020 2719 mutilation
1036 2669 1064 2718 of
1078 2669 1160 2732 Serip-

160 2753 233 2808 ture3
251 2749 354 2814 Hippoi.
366 2766 390 2798 x.
402 2749 432 2810 38
444 2749 493 2796 τῶν
504 2747 531 2798 δὲ
544 2748 700 2814 εὐαγγελίων,
714 2746 730 2810 ἡ
742 2749 786 2798 τοῦ
797 2747 936 2797 ἀποστόλου
942 2745 973 2797 τὰ
980 2746 1013 2809 μὴ
1024 2745 1160 2810 ἀρέσκοντα

159 2826 225 2888 αὐτῷ
236 2828 342 2889 αἱρεῖται.

193 2906 215 2953 8.
234 2909 357 2963 origines
368 2909 472 2966 firmas,
485 2909 558 2956 ‘sure
569 2904 730 2956 titladeeds!

195 2996 233 3034 1o.
246 2991 391 3034 caverunt.
427 2984 489 3034 This
508 2985 530 3034 ia
553 2986 596 3034 the
616 2985 741 3034 teohnioal
757 2984 825 3049 legal
845 3001 917 3034 senae
935 2985 963 3033 of
980 2981 1099 3044 ‘cavere,’
1118 2988 1160 3033 ‘to

159 3058 273 3124 dispone,'
294 3063 398 3112 ‘deoree
417 3063 453 3127 by
472 3063 524 3111 will
542 3080 570 3112 or
586 3065 613 3112 in
630 3062 750 3128 writingss
784 3064 871 3128 Comp.
889 3062 985 3119 Oiosro,
1001 3064 1030 3111 ia
1046 3063 1115 3112 Verr.
1131 3063 1158 3111 ii.

162 3151 183 3187 1.
197 3152 241 3195 11;
259 3140 346 3204 defin.
358 3139 385 3190 ii.
399 3154 437 3202 31.
452 3154 497 3202 103
509 3156 515 3200 ;
532 3140 633 3191 Sueton.
647 3141 712 3204 Any.
725 3155 747 3201 1,
759 3145 861 3206 etaoep.

223 3220 291 3267 fidei
308 3222 516 3268 commiserunt.
554 3219 644 3269 1Tim.
659 3219 675 3267 i.
694 3220 738 3279 183
758 3220 848 3268 2Tim.
865 3221 881 3270 i.
899 3233 939 3282 14,
952 3218 979 3267 ii.
996 3233 1027 3278 ²3
1043 3219 1094 3269 Tit.
1106 3219 1122 3266 i.
1135 3232 1158 3282 5.

194 3309 232 3346 11.
249 3300 462 3347 adiuraverunt.
500 3297 590 3347 1Tim.
602 3315 627 3346 v.
642 3311 679 3356 21,
693 3298 727 3347 vi.
743 3311 788 3361 13;
808 3299 897 3348 zTim.
910 3298 944 3348 iv.
958 3312 979 3346 1.
1134 3353 1136 3359 Ι

194 3387 231 3424 12.
251 3378 464 3425 abdicaverunt.
510 3375 565 3423 The
591 3375 715 3424 taohnioal
737 3376 864 3425 law-term
891 3377 918 3425 in
940 3376 992 3424 late
1014 3375 1092 3424 Latin
1120 3374 1158 3423 for

159 3451 366 3516 ‘diainheriiing‚'
384 3453 574 3517 ‘disowning’;
591 3454 678 3514 Quint.
695 3453 731 3503 iii.
749 3453 772 3504 6.
790 3463 821 3518 97
840 3458 864 3503 et
883 3470 967 3519 aoap.;
985 3453 1064 3517 Apol.
1084 3466 1107 3514 3,
1125 3453 1157 3512 6;

137 3531 327 3586 ,dearhooaa
341 3545 379 3594 13.

223 3614 381 3669 extraneos,
396 3608 506 3666 ‘aliena’
518 3609 683 3669 ‘outsiders'3
700 3626 727 3660 so
739 3611 818 3677 Apol.
833 3620 857 3674 7,
872 3608 911 3672 16,
924 3623 963 3671 31.

193 3701 232 3749 14.
250 3691 447 3747 unusquisque
465 3693 500 3738 de
518 3704 570 3737 suo
587 3691 715 3738 arbitrio.
748 3689 892 3738 Tertullian
906 3690 928 3738 is
940 3687 1066 3750 following
1077 3687 1156 3750 Hegi-

158 3767 243 3830 sippus
255 3765 319 3821 who.
331 3765 397 3815 after
407 3767 511 3830 naming
522 3767 622 3815 various
633 3766 753 3816 heretioal
771 3773 845 3826 secte,
857 3768 918 3816 adds
936 3763 1036 3814 ἕκαστος
1047 3762 1108 3813 ἰδίας
1117 3763 1157 3812 roi

158 3841 242 3907 ἑτέρως
252 3842 313 3893 ἰδίαν
323 3842 396 3906 δόξαν
406 3843 622 3909 παρεισηγάγοααν
635 3846 717 3911 (apud
729 3846 819 3895 Euseb.
832 3845 867 3896 H.
877 3847 910 3894 Ε.
922 3846 957 3894 iv.
971 3843 1021 3907 αα).
